trade_time_paris,t_seconds,t_seconds_jitter,MiFIDPrice,MiFIDQuantity,Venue
2019-10-01 09:00:18.697716+02:00,0.50815,0.50815,85.3,75.0,XPAR
2019-10-01 09:00:18.754287+02:00,0.564721,0.564721,85.3,56.0,XPAR
2019-10-01 09:00:18.824521+02:00,0.634955,0.634955,85.3,179.0,XPAR
2019-10-01 09:00:19.973249+02:00,1.783683,1.783683,85.33,110.0,XPAR
2019-10-01 09:00:19.973330+02:00,1.783764,1.783764,85.33,140.0,XPAR
2019-10-01 09:00:19.973330+02:00,1.783764,1.7837649999999998,85.33,24.0,XPAR
2019-10-01 09:00:19.974003+02:00,1.784437,1.784437,85.32,653.0,XPAR
2019-10-01 09:00:19.974129+02:00,1.784563,1.784563,85.32,47.0,XPAR
2019-10-01 09:00:19.974129+02:00,1.784563,1.7845639999999998,85.32,36.0,XPAR
2019-10-01 09:00:20.019658+02:00,1.830092,1.830092,85.31,159.0,XPAR
2019-10-01 09:00:21.804491+02:00,3.614925,3.614925,85.3,150.0,XPAR
2019-10-01 09:00:24.387550+02:00,6.197984,6.197984,85.29,67.0,XPAR
2019-10-01 09:00:24.387550+02:00,6.197984,6.197985,85.29,137.0,XPAR
2019-10-01 09:00:24.387550+02:00,6.197984,6.197986,85.29,140.0,XPAR
2019-10-01 09:00:24.388301+02:00,6.198735,6.198735,85.28,153.0,XPAR
2019-10-01 09:00:24.388345+02:00,6.198779,6.198779,85.27,153.0,XPAR
2019-10-01 09:00:24.389767+02:00,6.200201,6.200201,85.26,37.0,XPAR
2019-10-01 09:00:24.403873+02:00,6.214307,6.214307,85.27,53.0,XPAR
2019-10-01 09:00:24.404212+02:00,6.214646,6.214646,85.21,50.0,XPAR
2019-10-01 09:00:32.721594+02:00,14.532028,14.532028,85.21,608.0,XPAR
2019-10-01 09:00:32.870620+02:00,14.681054,14.681054,85.27,133.0,XPAR
2019-10-01 09:00:33.757264+02:00,15.567698,15.567698,85.25,31.0,XPAR
2019-10-01 09:00:33.757394+02:00,15.567828,15.567828,85.25,100.0,XPAR
2019-10-01 09:00:33.757394+02:00,15.567828,15.567829,85.25,132.0,XPAR
2019-10-01 09:00:33.757394+02:00,15.567828,15.56783,85.25,86.0,XPAR
2019-10-01 09:00:33.757521+02:00,15.567955,15.567955,85.22,150.0,XPAR
2019-10-01 09:00:34.186614+02:00,15.997048,15.997048,85.24,136.0,XPAR
2019-10-01 09:00:34.186614+02:00,15.997048,15.997048999999999,85.24,141.0,XPAR
2019-10-01 09:00:34.186614+02:00,15.997048,15.99705,85.24,135.0,XPAR
2019-10-01 09:00:34.187174+02:00,15.997608,15.997608,85.21,306.0,XPAR
2019-10-01 09:00:34.187174+02:00,15.997608,15.997608999999999,85.21,94.0,XPAR
2019-10-01 09:00:34.187228+02:00,15.997662,15.997662,85.21,41.0,XPAR
2019-10-01 09:00:34.187273+02:00,15.997707,15.997707,85.2,133.0,XPAR
2019-10-01 09:00:34.187273+02:00,15.997707,15.997708,85.19,150.0,XPAR
2019-10-01 09:00:34.187273+02:00,15.997707,15.997709,85.19,58.0,XPAR
2019-10-01 09:00:34.187867+02:00,15.998301,15.998301,85.17,37.0,XPAR
2019-10-01 09:00:34.187867+02:00,15.998301,15.998301999999999,85.18,13.0,XPAR
2019-10-01 09:00:34.188271+02:00,15.998705,15.998705,85.16,64.0,XPAR
2019-10-01 09:00:34.394734+02:00,16.205168,16.205168,85.18,140.0,XPAR
2019-10-01 09:00:34.496744+02:00,16.307178,16.307178,85.18,178.0,XPAR
2019-10-01 09:00:34.698438+02:00,16.508872,16.508872,85.18,150.0,XPAR
2019-10-01 09:00:34.705282+02:00,16.515716,16.515716,85.18,134.0,XPAR
2019-10-01 09:00:34.961387+02:00,16.771821,16.771821,85.19,150.0,XPAR
2019-10-01 09:00:35.223211+02:00,17.033645,17.033645,85.21,141.0,XPAR
2019-10-01 09:00:35.232141+02:00,17.042575,17.042575,85.2,177.0,XPAR
2019-10-01 09:00:35.232912+02:00,17.043346,17.043346,85.19,150.0,XPAR
2019-10-01 09:00:35.232952+02:00,17.043386,17.043386,85.18,110.0,XPAR
2019-10-01 09:00:35.261116+02:00,17.07155,17.07155,85.2,138.0,XPAR
2019-10-01 09:00:37.862257+02:00,19.672691,19.672691,85.14,85.0,XPAR
2019-10-01 09:00:37.862257+02:00,19.672691,19.672692,85.14,69.0,XPAR
2019-10-01 09:00:37.862257+02:00,19.672691,19.672693,85.14,150.0,XPAR
2019-10-01 09:00:37.862257+02:00,19.672691,19.672694,85.14,176.0,XPAR
2019-10-01 09:00:37.862401+02:00,19.672835,19.672835,85.14,128.0,XPAR
2019-10-01 09:00:37.862401+02:00,19.672835,19.672836,85.14,100.0,XPAR
2019-10-01 09:00:37.863131+02:00,19.673565,19.673565,85.13,316.0,XPAR
2019-10-01 09:00:37.863131+02:00,19.673565,19.673566,85.13,164.0,XPAR
2019-10-01 09:01:34.323849+02:00,76.134283,76.134283,85.31,135.0,XPAR
2019-10-01 09:01:34.323849+02:00,76.134283,76.134284,85.31,139.0,XPAR
2019-10-01 09:01:34.323849+02:00,76.134283,76.13428499999999,85.31,140.0,XPAR
2019-10-01 09:01:34.323849+02:00,76.134283,76.134286,85.31,150.0,XPAR
2019-10-01 09:01:34.325127+02:00,76.135561,76.135561,85.32,110.0,XPAR
2019-10-01 09:01:34.439676+02:00,76.25011,76.25011,85.3,110.0,XPAR
2019-10-01 09:01:34.440317+02:00,76.250751,76.250751,85.29,212.0,XPAR
2019-10-01 09:01:34.506373+02:00,76.316807,76.316807,85.3,134.0,XPAR
2019-10-01 09:01:36.336877+02:00,78.147311,78.147311,85.28,36.0,XPAR
2019-10-01 09:01:36.336877+02:00,78.147311,78.147312,85.27,114.0,XPAR
2019-10-01 09:01:36.337063+02:00,78.147497,78.147497,85.29,125.0,XPAR
2019-10-01 09:01:38.409537+02:00,80.219971,80.219971,85.27,150.0,XPAR
2019-10-01 09:01:38.409537+02:00,80.219971,80.219972,85.26,150.0,XPAR
2019-10-01 09:01:38.409537+02:00,80.219971,80.219973,85.27,100.0,XPAR
2019-10-01 09:01:38.409892+02:00,80.220326,80.220326,85.25,150.0,XPAR
2019-10-01 09:01:38.409892+02:00,80.220326,80.220327,85.25,165.0,XPAR
2019-10-01 09:01:38.409892+02:00,80.220326,80.220328,85.25,101.0,XPAR
2019-10-01 09:01:38.410613+02:00,80.221047,80.221047,85.24,133.0,XPAR
2019-10-01 09:01:38.431370+02:00,80.241804,80.241804,85.24,47.0,XPAR
2019-10-01 09:01:38.431450+02:00,80.241884,80.241884,85.24,22.0,XPAR
2019-10-01 09:01:38.437538+02:00,80.247972,80.247972,85.25,43.0,XPAR
2019-10-01 09:01:38.600383+02:00,80.410817,80.410817,85.23,112.0,XPAR
2019-10-01 09:01:39.649962+02:00,81.460396,81.460396,85.19,35.0,XPAR
2019-10-01 09:02:36.801298+02:00,138.611732,138.611732,85.2,10.0,XPAR
2019-10-01 09:02:36.813674+02:00,138.624108,138.624108,85.2,3.0,XPAR
2019-10-01 09:02:36.813674+02:00,138.624108,138.624109,85.2,4.0,XPAR
2019-10-01 09:02:55.247952+02:00,157.058386,157.058386,85.2,3.0,XPAR
2019-10-01 09:02:55.247952+02:00,157.058386,157.058387,85.2,60.0,XPAR
2019-10-01 09:02:55.248772+02:00,157.059206,157.059206,85.18,150.0,XPAR
2019-10-01 09:02:55.248772+02:00,157.059206,157.059207,85.19,100.0,XPAR
2019-10-01 09:03:09.695449+02:00,171.505883,171.505883,85.18,100.0,XPAR
2019-10-01 09:03:09.695449+02:00,171.505883,171.505884,85.18,150.0,XPAR
2019-10-01 09:03:22.971245+02:00,184.781679,184.781679,85.17,13.0,XPAR
2019-10-01 09:03:22.971245+02:00,184.781679,184.78168,85.17,6.0,XPAR
2019-10-01 09:03:22.971245+02:00,184.781679,184.781681,85.17,110.0,XPAR
2019-10-01 09:03:22.971245+02:00,184.781679,184.781682,85.17,27.0,XPAR
2019-10-01 09:03:32.966225+02:00,194.776659,194.776659,85.2,100.0,XPAR
2019-10-01 09:03:32.982221+02:00,194.792655,194.792655,85.19,125.0,XPAR
2019-10-01 09:03:42.486550+02:00,204.296984,204.296984,85.19,77.0,XPAR
2019-10-01 09:03:42.486550+02:00,204.296984,204.296985,85.19,39.0,XPAR
2019-10-01 09:03:55.021278+02:00,216.831712,216.831712,85.22,13.0,XPAR
2019-10-01 09:03:55.021278+02:00,216.831712,216.831713,85.22,70.0,XPAR
2019-10-01 09:03:55.021278+02:00,216.831712,216.831714,85.22,170.0,XPAR
2019-10-01 09:03:55.021278+02:00,216.831712,216.831715,85.24,100.0,XPAR
2019-10-01 09:03:55.021278+02:00,216.831712,216.831716,85.23,150.0,XPAR
2019-10-01 09:03:55.021847+02:00,216.832281,216.832281,85.21,39.0,XPAR
2019-10-01 09:03:55.021847+02:00,216.832281,216.832282,85.21,92.0,XPAR
2019-10-01 09:03:55.021847+02:00,216.832281,216.832283,85.22,123.0,XPAR
2019-10-01 09:03:55.022096+02:00,216.83253,216.83253,85.22,281.0,XPAR
2019-10-01 09:03:55.022272+02:00,216.832706,216.832706,85.22,47.0,XPAR
2019-10-01 09:03:55.022487+02:00,216.832921,216.832921,85.2,20.0,XPAR
2019-10-01 09:03:55.022487+02:00,216.832921,216.832922,85.2,105.0,XPAR
2019-10-01 09:03:55.022487+02:00,216.832921,216.832923,85.2,43.0,XPAR
2019-10-01 09:03:55.022487+02:00,216.832921,216.832924,85.22,185.0,XPAR
2019-10-01 09:03:55.022487+02:00,216.832921,216.832925,85.22,35.0,XPAR
2019-10-01 09:03:55.068105+02:00,216.878539,216.878539,85.23,62.0,XPAR
2019-10-01 09:03:55.610726+02:00,217.42116,217.42116,85.23,150.0,XPAR
2019-10-01 09:03:58.011923+02:00,219.822357,219.822357,85.23,66.0,XPAR
2019-10-01 09:04:22.709849+02:00,244.520283,244.520283,85.23,25.0,XPAR
2019-10-01 09:04:52.092286+02:00,273.90272,273.90272,85.23,6.0,XPAR
2019-10-01 09:04:52.092365+02:00,273.902799,273.902799,85.22,90.0,XPAR
2019-10-01 09:04:52.092365+02:00,273.902799,273.9028,85.22,80.0,XPAR
2019-10-01 09:04:52.092793+02:00,273.903227,273.903227,85.2,37.0,XPAR
2019-10-01 09:04:52.092793+02:00,273.903227,273.903228,85.2,110.0,XPAR
2019-10-01 09:04:52.092793+02:00,273.903227,273.903229,85.2,88.0,XPAR
2019-10-01 09:04:54.438328+02:00,276.248762,276.248762,85.21,90.0,XPAR
2019-10-01 09:04:55.810391+02:00,277.620825,277.620825,85.2,60.0,XPAR
2019-10-01 09:04:55.810391+02:00,277.620825,277.620826,85.2,13.0,XPAR
2019-10-01 09:04:55.843971+02:00,277.654405,277.654405,85.2,47.0,XPAR
2019-10-01 09:05:06.300950+02:00,288.111384,288.111384,85.16,110.0,XPAR
2019-10-01 09:05:06.301752+02:00,288.112186,288.112186,85.15,100.0,XPAR
2019-10-01 09:05:06.301939+02:00,288.112373,288.112373,85.14,66.0,XPAR
2019-10-01 09:05:24.095206+02:00,305.90564,305.90564,85.12,26.0,XPAR
2019-10-01 09:05:24.095440+02:00,305.905874,305.905874,85.1,150.0,XPAR
2019-10-01 09:05:25.349689+02:00,307.160123,307.160123,85.09,6.0,XPAR
2019-10-01 09:05:25.349689+02:00,307.160123,307.160124,85.09,110.0,XPAR
2019-10-01 09:05:30.383680+02:00,312.194114,312.194114,85.07,61.0,XPAR
2019-10-01 09:05:30.389166+02:00,312.1996,312.1996,85.06,20.0,XPAR
2019-10-01 09:05:30.389166+02:00,312.1996,312.199601,85.05,80.0,XPAR
2019-10-01 09:05:30.389226+02:00,312.19966,312.19966,85.05,20.0,XPAR
2019-10-01 09:05:38.241184+02:00,320.051618,320.051618,85.08,140.0,XPAR
2019-10-01 09:05:38.241184+02:00,320.051618,320.051619,85.08,120.0,XPAR
2019-10-01 09:05:45.191271+02:00,327.001705,327.001705,85.1,150.0,XPAR
2019-10-01 09:05:45.191271+02:00,327.001705,327.001706,85.1,24.0,XPAR
2019-10-01 09:05:45.191271+02:00,327.001705,327.001707,85.1,45.0,XPAR
2019-10-01 09:05:45.239181+02:00,327.049615,327.049615,85.1,56.0,XPAR
2019-10-01 09:05:53.358708+02:00,335.169142,335.169142,85.17,23.0,XPAR
2019-10-01 09:05:53.359728+02:00,335.170162,335.170162,85.19,27.0,XPAR
2019-10-01 09:05:53.369430+02:00,335.179864,335.179864,85.16,100.0,XPAR
2019-10-01 09:05:53.369430+02:00,335.179864,335.179865,85.16,69.0,XPAR
2019-10-01 09:05:53.373924+02:00,335.184358,335.184358,85.15,109.0,XPAR
2019-10-01 09:05:54.401144+02:00,336.211578,336.211578,85.18,17.0,XPAR
2019-10-01 09:05:54.490203+02:00,336.300637,336.300637,85.17,100.0,XPAR
2019-10-01 09:05:55.639219+02:00,337.449653,337.449653,85.21,16.0,XPAR
2019-10-01 09:05:55.754143+02:00,337.564577,337.564577,85.22,13.0,XPAR
2019-10-01 09:05:57.452870+02:00,339.263304,339.263304,85.23,66.0,XPAR
2019-10-01 09:05:57.453288+02:00,339.263722,339.263722,85.22,72.0,XPAR
2019-10-01 09:05:58.205219+02:00,340.015653,340.015653,85.22,21.0,XPAR
2019-10-01 09:05:58.207622+02:00,340.018056,340.018056,85.24,69.0,XPAR
2019-10-01 09:05:58.207752+02:00,340.018186,340.018186,85.24,69.0,XPAR
2019-10-01 09:05:58.207823+02:00,340.018257,340.018257,85.24,31.0,XPAR
2019-10-01 09:05:58.335614+02:00,340.146048,340.146048,85.23,150.0,XPAR
2019-10-01 09:05:58.739369+02:00,340.549803,340.549803,85.22,100.0,XPAR
2019-10-01 09:05:59.707390+02:00,341.517824,341.517824,85.25,145.0,XPAR
2019-10-01 09:06:03.047900+02:00,344.858334,344.858334,85.26,100.0,XPAR
2019-10-01 09:06:03.047900+02:00,344.858334,344.858335,85.26,18.0,XPAR
2019-10-01 09:06:04.023936+02:00,345.83437,345.83437,85.26,50.0,XPAR
2019-10-01 09:06:04.023936+02:00,345.83437,345.834371,85.26,150.0,XPAR
2019-10-01 09:06:04.024097+02:00,345.834531,345.834531,85.26,37.0,XPAR
2019-10-01 09:06:04.024097+02:00,345.834531,345.834532,85.26,44.0,XPAR
2019-10-01 09:06:04.150905+02:00,345.961339,345.961339,85.25,150.0,XPAR
2019-10-01 09:06:04.150905+02:00,345.961339,345.96134,85.25,75.0,XPAR
2019-10-01 09:06:04.590231+02:00,346.400665,346.400665,85.25,53.0,XPAR
2019-10-01 09:06:11.945811+02:00,353.756245,353.756245,85.28,6.0,XPAR
2019-10-01 09:06:15.230946+02:00,357.04138,357.04138,85.28,12.0,XPAR
2019-10-01 09:06:15.230946+02:00,357.04138,357.041381,85.28,8.0,XPAR
2019-10-01 09:06:15.230946+02:00,357.04138,357.041382,85.27,130.0,XPAR
2019-10-01 09:06:15.326986+02:00,357.13742,357.13742,85.28,21.0,XPAR
2019-10-01 09:06:15.327078+02:00,357.137512,357.137512,85.26,48.0,XPAR
2019-10-01 09:06:22.526947+02:00,364.337381,364.337381,85.26,150.0,XPAR
2019-10-01 09:06:26.406857+02:00,368.217291,368.217291,85.25,97.0,XPAR
2019-10-01 09:06:26.406857+02:00,368.217291,368.217292,85.25,52.0,XPAR
2019-10-01 09:06:35.000207+02:00,376.810641,376.810641,85.23,10.0,XPAR
2019-10-01 09:06:35.000207+02:00,376.810641,376.810642,85.23,4.0,XPAR
2019-10-01 09:06:35.000390+02:00,376.810824,376.810824,85.22,13.0,XPAR
2019-10-01 09:06:35.000390+02:00,376.810824,376.810825,85.2,150.0,XPAR
2019-10-01 09:06:35.000390+02:00,376.810824,376.810826,85.2,78.0,XPAR
2019-10-01 09:06:35.000390+02:00,376.810824,376.810827,85.2,174.0,XPAR
2019-10-01 09:06:35.000503+02:00,376.810937,376.810937,85.19,100.0,XPAR
2019-10-01 09:06:35.000503+02:00,376.810937,376.810938,85.19,78.0,XPAR
2019-10-01 09:06:55.427766+02:00,397.2382,397.2382,85.2,79.0,XPAR
2019-10-01 09:06:55.427766+02:00,397.2382,397.238201,85.2,68.0,XPAR
2019-10-01 09:07:00.390249+02:00,402.200683,402.200683,85.16,46.0,XPAR
2019-10-01 09:07:11.062371+02:00,412.872805,412.872805,85.15,150.0,XPAR
2019-10-01 09:07:16.034172+02:00,417.844606,417.844606,85.17,19.0,XPAR
2019-10-01 09:07:26.403248+02:00,428.213682,428.213682,85.18,120.0,XPAR
2019-10-01 09:07:26.415234+02:00,428.225668,428.225668,85.17,68.0,XPAR
2019-10-01 09:07:27.823936+02:00,429.63437,429.63437,85.2,20.0,XPAR
2019-10-01 09:07:33.900196+02:00,435.71063,435.71063,85.21,256.0,XPAR
2019-10-01 09:07:33.900278+02:00,435.710712,435.710712,85.21,51.0,XPAR
2019-10-01 09:07:33.901195+02:00,435.711629,435.711629,85.2,102.0,XPAR
2019-10-01 09:07:33.901936+02:00,435.71237,435.71237,85.19,150.0,XPAR
2019-10-01 09:07:33.901936+02:00,435.71237,435.712371,85.19,7.0,XPAR
2019-10-01 09:07:43.475572+02:00,445.286006,445.286006,85.15,50.0,XPAR
2019-10-01 09:07:43.476536+02:00,445.28697,445.28697,85.14,70.0,XPAR
2019-10-01 09:07:55.486236+02:00,457.29667,457.29667,85.15,150.0,XPAR
2019-10-01 09:07:55.489845+02:00,457.300279,457.300279,85.14,8.0,XPAR
2019-10-01 09:07:55.489845+02:00,457.300279,457.30028,85.14,150.0,XPAR
2019-10-01 09:07:58.166935+02:00,459.977369,459.977369,85.14,8.0,XPAR
2019-10-01 09:08:00.067996+02:00,461.87843,461.87843,85.15,150.0,XPAR
2019-10-01 09:08:09.263225+02:00,471.073659,471.073659,85.19,233.0,XPAR
2019-10-01 09:08:15.001445+02:00,476.811879,476.811879,85.22,53.0,XPAR
2019-10-01 09:08:15.001445+02:00,476.811879,476.81188,85.22,17.0,XPAR
2019-10-01 09:08:21.566666+02:00,483.3771,483.3771,85.19,234.0,XPAR
2019-10-01 09:08:21.566722+02:00,483.377156,483.377156,85.19,220.0,XPAR
2019-10-01 09:08:21.566722+02:00,483.377156,483.377157,85.19,61.0,XPAR
2019-10-01 09:08:21.566722+02:00,483.377156,483.377158,85.19,100.0,XPAR
2019-10-01 09:08:21.569913+02:00,483.380347,483.380347,85.17,142.0,XPAR
2019-10-01 09:08:40.278204+02:00,502.088638,502.088638,85.21,120.0,XPAR
2019-10-01 09:08:48.433664+02:00,510.244098,510.244098,85.2,234.0,XPAR
2019-10-01 09:08:48.433774+02:00,510.244208,510.244208,85.2,6.0,XPAR
2019-10-01 09:08:48.434672+02:00,510.245106,510.245106,85.2,11.0,XPAR
2019-10-01 09:09:12.086447+02:00,533.896881,533.896881,85.2,120.0,XPAR
2019-10-01 09:09:13.087461+02:00,534.897895,534.897895,85.19,94.0,XPAR
2019-10-01 09:09:13.088583+02:00,534.899017,534.899017,85.18,100.0,XPAR
2019-10-01 09:09:16.481051+02:00,538.291485,538.291485,85.18,150.0,XPAR
2019-10-01 09:09:18.000227+02:00,539.810661,539.810661,85.17,55.0,XPAR
2019-10-01 09:09:18.000290+02:00,539.810724,539.810724,85.17,207.0,XPAR
2019-10-01 09:09:18.001416+02:00,539.81185,539.81185,85.16,104.0,XPAR
2019-10-01 09:09:18.001453+02:00,539.811887,539.811887,85.16,72.0,XPAR
2019-10-01 09:09:19.352811+02:00,541.163245,541.163245,85.18,128.0,XPAR
2019-10-01 09:09:29.000794+02:00,550.811228,550.811228,85.16,27.0,XPAR
2019-10-01 09:09:29.000794+02:00,550.811228,550.811229,85.16,49.0,XPAR
2019-10-01 09:09:29.000860+02:00,550.811294,550.811294,85.16,210.0,XPAR
2019-10-01 09:09:29.001179+02:00,550.811613,550.811613,85.16,6.0,XPAR
2019-10-01 09:09:29.227358+02:00,551.037792,551.037792,85.17,65.0,XPAR
2019-10-01 09:09:29.227438+02:00,551.037872,551.037872,85.17,85.0,XPAR
2019-10-01 09:09:34.996570+02:00,556.807004,556.807004,85.16,89.0,XPAR
2019-10-01 09:09:34.996570+02:00,556.807004,556.807005,85.16,96.0,XPAR
2019-10-01 09:09:35.008418+02:00,556.818852,556.818852,85.15,444.0,XPAR
2019-10-01 09:09:35.103990+02:00,556.914424,556.914424,85.17,34.0,XPAR
2019-10-01 09:09:35.264425+02:00,557.074859,557.074859,85.17,150.0,XPAR
2019-10-01 09:09:39.826175+02:00,561.636609,561.636609,85.16,45.0,XPAR
2019-10-01 09:09:40.963367+02:00,562.773801,562.773801,85.13,45.0,XPAR
2019-10-01 09:10:02.111515+02:00,583.921949,583.921949,85.12,12.0,XPAR
2019-10-01 09:10:02.112789+02:00,583.923223,583.923223,85.11,40.0,XPAR
2019-10-01 09:10:03.309725+02:00,585.120159,585.120159,85.12,128.0,XPAR
2019-10-01 09:10:03.309834+02:00,585.120268,585.120268,85.12,22.0,XPAR
2019-10-01 09:10:03.309834+02:00,585.120268,585.120269,85.12,18.0,XPAR
2019-10-01 09:10:09.000244+02:00,590.810678,590.810678,85.11,49.0,XPAR
2019-10-01 09:10:12.930576+02:00,594.74101,594.74101,85.1,11.0,XPAR
2019-10-01 09:10:23.180107+02:00,604.990541,604.990541,85.1,150.0,XPAR
2019-10-01 09:10:23.180107+02:00,604.990541,604.990542,85.1,109.0,XPAR
2019-10-01 09:10:46.916418+02:00,628.726852,628.726852,85.08,62.0,XPAR
2019-10-01 09:10:46.916418+02:00,628.726852,628.726853,85.08,41.0,XPAR
2019-10-01 09:10:46.923834+02:00,628.734268,628.734268,85.09,150.0,XPAR
2019-10-01 09:10:46.925002+02:00,628.735436,628.735436,85.09,150.0,XPAR
2019-10-01 09:11:02.417673+02:00,644.228107,644.228107,85.1,100.0,XPAR
2019-10-01 09:11:02.417673+02:00,644.228107,644.228108,85.1,35.0,XPAR
2019-10-01 09:11:02.420175+02:00,644.230609,644.230609,85.09,72.0,XPAR
2019-10-01 09:11:02.425248+02:00,644.235682,644.235682,85.09,53.0,XPAR
2019-10-01 09:11:46.133104+02:00,687.943538,687.943538,85.15,3.0,XPAR
2019-10-01 09:11:46.133211+02:00,687.943645,687.943645,85.14,108.0,XPAR
2019-10-01 09:11:57.995373+02:00,699.805807,699.805807,85.11,150.0,XPAR
2019-10-01 09:12:00.957141+02:00,702.767575,702.767575,85.09,23.0,XPAR
2019-10-01 09:12:03.592707+02:00,705.403141,705.403141,85.06,17.0,XPAR
2019-10-01 09:12:03.592707+02:00,705.403141,705.403142,85.06,25.0,XPAR
2019-10-01 09:12:03.592707+02:00,705.403141,705.403143,85.06,85.0,XPAR
2019-10-01 09:12:16.110621+02:00,717.921055,717.921055,85.09,150.0,XPAR
2019-10-01 09:12:40.970573+02:00,742.781007,742.781007,85.09,35.0,XPAR
2019-10-01 09:12:40.971506+02:00,742.78194,742.78194,85.08,80.0,XPAR
2019-10-01 09:12:40.971506+02:00,742.78194,742.781941,85.08,100.0,XPAR
2019-10-01 09:12:40.971506+02:00,742.78194,742.781942,85.08,216.0,XPAR
2019-10-01 09:12:40.974165+02:00,742.784599,742.784599,85.08,140.0,XPAR
2019-10-01 09:12:40.984194+02:00,742.794628,742.794628,85.07,150.0,XPAR
2019-10-01 09:12:40.992419+02:00,742.802853,742.802853,85.07,163.0,XPAR
2019-10-01 09:12:40.997336+02:00,742.80777,742.80777,85.07,41.0,XPAR
2019-10-01 09:12:41.210256+02:00,743.02069,743.02069,85.06,50.0,XPAR
2019-10-01 09:12:51.990722+02:00,753.801156,753.801156,85.05,150.0,XPAR
2019-10-01 09:13:13.789364+02:00,775.599798,775.599798,85.07,101.0,XPAR
2019-10-01 09:13:13.844734+02:00,775.655168,775.655168,85.07,99.0,XPAR
2019-10-01 09:13:14.652458+02:00,776.462892,776.462892,85.07,18.0,XPAR
2019-10-01 09:13:21.194213+02:00,783.004647,783.004647,85.05,59.0,XPAR
2019-10-01 09:13:24.687845+02:00,786.498279,786.498279,85.04,9.0,XPAR
2019-10-01 09:13:24.687845+02:00,786.498279,786.49828,85.04,30.0,XPAR
2019-10-01 09:13:24.697338+02:00,786.507772,786.507772,85.03,26.0,XPAR
2019-10-01 09:13:24.697338+02:00,786.507772,786.507773,85.03,124.0,XPAR
2019-10-01 09:13:56.029444+02:00,817.839878,817.839878,85.08,150.0,XPAR
2019-10-01 09:14:04.159014+02:00,825.969448,825.969448,85.1,220.0,XPAR
2019-10-01 09:14:04.159014+02:00,825.969448,825.969449,85.1,49.0,XPAR
2019-10-01 09:14:04.867806+02:00,826.67824,826.67824,85.08,33.0,XPAR
2019-10-01 09:14:04.867806+02:00,826.67824,826.678241,85.08,150.0,XPAR
2019-10-01 09:14:06.200195+02:00,828.010629,828.010629,85.07,16.0,XPAR
2019-10-01 09:14:23.984330+02:00,845.794764,845.794764,85.08,71.0,XPAR
2019-10-01 09:14:23.984330+02:00,845.794764,845.794765,85.08,53.0,XPAR
2019-10-01 09:14:23.984330+02:00,845.794764,845.794766,85.08,225.0,XPAR
2019-10-01 09:14:23.985452+02:00,845.795886,845.795886,85.07,70.0,XPAR
2019-10-01 09:14:29.466365+02:00,851.276799,851.276799,85.06,77.0,XPAR
2019-10-01 09:14:44.680455+02:00,866.490889,866.490889,85.02,9.0,XPAR
2019-10-01 09:14:44.710451+02:00,866.520885,866.520885,85.01,13.0,XPAR
2019-10-01 09:14:44.710451+02:00,866.520885,866.520886,85.01,10.0,XPAR
2019-10-01 09:14:44.711628+02:00,866.522062,866.522062,85.0,150.0,XPAR
2019-10-01 09:14:44.711628+02:00,866.522062,866.522063,85.0,200.0,XPAR
2019-10-01 09:14:44.711628+02:00,866.522062,866.522064,85.0,15.0,XPAR
2019-10-01 09:14:44.711628+02:00,866.522062,866.522065,85.0,11.0,XPAR
2019-10-01 09:14:44.711628+02:00,866.522062,866.522066,84.99,5.0,XPAR
2019-10-01 09:14:46.971736+02:00,868.78217,868.78217,84.99,84.0,XPAR
2019-10-01 09:14:46.971736+02:00,868.78217,868.782171,84.99,33.0,XPAR
2019-10-01 09:14:46.972273+02:00,868.782707,868.782707,84.98,12.0,XPAR
2019-10-01 09:14:46.972273+02:00,868.782707,868.782708,84.98,100.0,XPAR
2019-10-01 09:14:51.162138+02:00,872.972572,872.972572,84.97,13.0,XPAR
2019-10-01 09:14:51.162138+02:00,872.972572,872.972573,84.97,20.0,XPAR
2019-10-01 09:14:59.099273+02:00,880.909707,880.909707,84.99,54.0,XPAR
2019-10-01 09:14:59.100302+02:00,880.910736,880.910736,84.99,56.0,XPAR
2019-10-01 09:14:59.100302+02:00,880.910736,880.910737,84.99,150.0,XPAR
2019-10-01 09:14:59.100302+02:00,880.910736,880.910738,84.99,30.0,XPAR
2019-10-01 09:15:03.946256+02:00,885.75669,885.75669,84.98,35.0,XPAR
2019-10-01 09:15:22.096601+02:00,903.907035,903.907035,85.0,28.0,XPAR
2019-10-01 09:15:33.825096+02:00,915.63553,915.63553,85.01,150.0,XPAR
2019-10-01 09:15:33.825096+02:00,915.63553,915.635531,85.01,100.0,XPAR
2019-10-01 09:15:34.991645+02:00,916.802079,916.802079,85.12,100.0,XPAR
2019-10-01 09:15:34.991733+02:00,916.802167,916.802167,85.12,460.0,XPAR
2019-10-01 09:15:34.991769+02:00,916.802203,916.802203,85.12,194.0,XPAR
2019-10-01 09:15:34.991811+02:00,916.802245,916.802245,85.12,213.0,XPAR
2019-10-01 09:15:34.991811+02:00,916.802245,916.802246,85.12,654.0,XPAR
2019-10-01 09:15:34.991943+02:00,916.802377,916.802377,85.12,285.0,XPAR
2019-10-01 09:15:34.991985+02:00,916.802419,916.802419,85.12,155.0,XPAR
2019-10-01 09:15:34.992021+02:00,916.802455,916.802455,85.12,290.0,XPAR
2019-10-01 09:15:34.992021+02:00,916.802455,916.802456,85.12,677.0,XPAR
2019-10-01 09:15:34.992046+02:00,916.80248,916.80248,85.12,867.0,XPAR
2019-10-01 09:15:34.992137+02:00,916.802571,916.802571,85.12,250.0,XPAR
2019-10-01 09:15:34.992137+02:00,916.802571,916.8025719999999,85.12,617.0,XPAR
2019-10-01 09:15:34.992301+02:00,916.802735,916.802735,85.12,150.0,XPAR
2019-10-01 09:15:34.996196+02:00,916.80663,916.80663,85.12,132.0,XPAR
2019-10-01 09:15:34.996974+02:00,916.807408,916.807408,85.12,150.0,XPAR
2019-10-01 09:15:34.996974+02:00,916.807408,916.807409,85.12,20.0,XPAR
2019-10-01 09:15:34.997032+02:00,916.807466,916.807466,85.12,480.0,XPAR
2019-10-01 09:15:34.997032+02:00,916.807466,916.807467,85.12,300.0,XPAR
2019-10-01 09:15:34.997032+02:00,916.807466,916.807468,85.12,300.0,XPAR
2019-10-01 09:15:35.145808+02:00,916.956242,916.956242,85.13,150.0,XPAR
2019-10-01 09:15:35.246088+02:00,917.056522,917.056522,85.12,538.0,XPAR
2019-10-01 09:15:35.246510+02:00,917.056944,917.056944,85.12,177.0,XPAR
2019-10-01 09:15:36.361311+02:00,918.171745,918.171745,85.17,150.0,XPAR
2019-10-01 09:15:36.399435+02:00,918.209869,918.209869,85.15,417.0,XPAR
2019-10-01 09:15:37.201603+02:00,919.012037,919.012037,85.14,69.0,XPAR
2019-10-01 09:15:37.201603+02:00,919.012037,919.012038,85.14,82.0,XPAR
2019-10-01 09:15:37.201603+02:00,919.012037,919.012039,85.14,150.0,XPAR
2019-10-01 09:15:37.239317+02:00,919.049751,919.049751,85.14,112.0,XPAR
2019-10-01 09:15:37.240465+02:00,919.050899,919.050899,85.13,150.0,XPAR
2019-10-01 09:15:40.081322+02:00,921.891756,921.891756,85.13,150.0,XPAR
2019-10-01 09:15:40.081322+02:00,921.891756,921.891757,85.13,184.0,XPAR
2019-10-01 09:15:40.082652+02:00,921.893086,921.893086,85.12,185.0,XPAR
2019-10-01 09:15:40.082652+02:00,921.893086,921.893087,85.12,449.0,XPAR
2019-10-01 09:15:40.082652+02:00,921.893086,921.893088,85.12,255.0,XPAR
2019-10-01 09:15:44.163879+02:00,925.974313,925.974313,85.12,150.0,XPAR
2019-10-01 09:16:04.425680+02:00,946.236114,946.236114,85.15,113.0,XPAR
2019-10-01 09:16:04.425680+02:00,946.236114,946.236115,85.15,2.0,XPAR
2019-10-01 09:16:04.425680+02:00,946.236114,946.236116,85.15,130.0,XPAR
2019-10-01 09:16:04.433386+02:00,946.24382,946.24382,85.15,3.0,XPAR
2019-10-01 09:16:04.813984+02:00,946.624418,946.624418,85.15,120.0,XPAR
2019-10-01 09:16:04.813984+02:00,946.624418,946.624419,85.15,150.0,XPAR
2019-10-01 09:16:05.109719+02:00,946.920153,946.920153,85.15,150.0,XPAR
2019-10-01 09:16:06.808256+02:00,948.61869,948.61869,85.13,69.0,XPAR
2019-10-01 09:16:06.808256+02:00,948.61869,948.618691,85.13,34.0,XPAR
2019-10-01 09:16:06.808256+02:00,948.61869,948.618692,85.13,174.0,XPAR
2019-10-01 09:16:06.808256+02:00,948.61869,948.618693,85.14,123.0,XPAR
2019-10-01 09:16:06.808497+02:00,948.618931,948.618931,85.13,144.0,XPAR
2019-10-01 09:16:06.851228+02:00,948.661662,948.661662,85.14,116.0,XPAR
2019-10-01 09:16:06.942618+02:00,948.753052,948.753052,85.14,91.0,XPAR
2019-10-01 09:16:07.111385+02:00,948.921819,948.921819,85.14,10.0,XPAR
2019-10-01 09:16:10.771582+02:00,952.582016,952.582016,85.13,150.0,XPAR
2019-10-01 09:16:11.268469+02:00,953.078903,953.078903,85.13,150.0,XPAR
2019-10-01 09:16:11.433657+02:00,953.244091,953.244091,85.13,150.0,XPAR
2019-10-01 09:16:12.565213+02:00,954.375647,954.375647,85.13,150.0,XPAR
2019-10-01 09:16:12.565213+02:00,954.375647,954.375648,85.13,100.0,XPAR
2019-10-01 09:16:12.565213+02:00,954.375647,954.375649,85.13,28.0,XPAR
2019-10-01 09:16:14.725721+02:00,956.536155,956.536155,85.12,52.0,XPAR
2019-10-01 09:16:22.777960+02:00,964.588394,964.588394,85.11,16.0,XPAR
2019-10-01 09:16:29.484920+02:00,971.295354,971.295354,85.1,3.0,XPAR
2019-10-01 09:16:32.954408+02:00,974.764842,974.764842,85.07,35.0,XPAR
2019-10-01 09:16:56.983228+02:00,998.793662,998.793662,85.06,205.0,XPAR
2019-10-01 09:16:56.983228+02:00,998.793662,998.793663,85.06,62.0,XPAR
2019-10-01 09:16:56.983228+02:00,998.793662,998.793664,85.06,20.0,XPAR
2019-10-01 09:16:56.987708+02:00,998.798142,998.798142,85.05,100.0,XPAR
2019-10-01 09:16:57.039578+02:00,998.850012,998.850012,85.04,32.0,XPAR
2019-10-01 09:17:01.058455+02:00,1002.868889,1002.868889,85.03,31.0,XPAR
2019-10-01 09:17:01.058455+02:00,1002.868889,1002.86889,85.03,10.0,XPAR
2019-10-01 09:17:07.893198+02:00,1009.703632,1009.703632,85.01,57.0,XPAR
2019-10-01 09:17:07.893198+02:00,1009.703632,1009.703633,85.01,16.0,XPAR
2019-10-01 09:17:07.936964+02:00,1009.747398,1009.747398,85.0,108.0,XPAR
2019-10-01 09:17:07.937046+02:00,1009.74748,1009.74748,85.0,42.0,XPAR
2019-10-01 09:17:07.937046+02:00,1009.74748,1009.747481,85.0,150.0,XPAR
2019-10-01 09:17:08.071783+02:00,1009.882217,1009.882217,84.99,150.0,XPAR
2019-10-01 09:17:08.071783+02:00,1009.882217,1009.882218,84.99,18.0,XPAR
2019-10-01 09:17:14.352112+02:00,1016.162546,1016.162546,84.99,100.0,XPAR
2019-10-01 09:17:16.050312+02:00,1017.860746,1017.860746,84.98,43.0,XPAR
2019-10-01 09:17:57.048296+02:00,1058.85873,1058.85873,85.02,4.0,XPAR
2019-10-01 09:17:57.048384+02:00,1058.858818,1058.858818,85.02,146.0,XPAR
2019-10-01 09:18:00.230190+02:00,1062.040624,1062.040624,85.04,15.0,XPAR
2019-10-01 09:18:00.230335+02:00,1062.040769,1062.040769,85.04,21.0,XPAR
2019-10-01 09:18:04.765084+02:00,1066.575518,1066.575518,85.04,37.0,XPAR
2019-10-01 09:18:16.725435+02:00,1078.535869,1078.535869,85.01,200.0,XPAR
2019-10-01 09:18:16.725435+02:00,1078.535869,1078.5358700000002,85.01,76.0,XPAR
2019-10-01 09:18:16.726536+02:00,1078.53697,1078.53697,85.0,216.0,XPAR
2019-10-01 09:18:16.726536+02:00,1078.53697,1078.5369710000002,85.0,14.0,XPAR
2019-10-01 09:18:16.727285+02:00,1078.537719,1078.537719,85.0,100.0,XPAR
2019-10-01 09:18:16.727285+02:00,1078.537719,1078.53772,85.0,130.0,XPAR
2019-10-01 09:18:22.537511+02:00,1084.347945,1084.347945,84.99,221.0,XPAR
2019-10-01 09:18:27.747893+02:00,1089.558327,1089.558327,84.97,197.0,XPAR
2019-10-01 09:18:27.747893+02:00,1089.558327,1089.558328,84.97,222.0,XPAR
2019-10-01 09:18:27.749314+02:00,1089.559748,1089.559748,84.96,19.0,XPAR
2019-10-01 09:18:27.749314+02:00,1089.559748,1089.559749,84.96,20.0,XPAR
2019-10-01 09:18:27.749314+02:00,1089.559748,1089.55975,84.96,50.0,XPAR
2019-10-01 09:18:27.909463+02:00,1089.719897,1089.719897,84.95,150.0,XPAR
2019-10-01 09:18:49.977224+02:00,1111.787658,1111.787658,84.94,6.0,XPAR
2019-10-01 09:18:49.978557+02:00,1111.788991,1111.788991,84.93,15.0,XPAR
2019-10-01 09:18:49.978557+02:00,1111.788991,1111.788992,84.93,23.0,XPAR
2019-10-01 09:19:10.757960+02:00,1132.568394,1132.568394,84.92,47.0,XPAR
2019-10-01 09:19:10.757960+02:00,1132.568394,1132.568395,84.92,28.0,XPAR
2019-10-01 09:19:10.758771+02:00,1132.569205,1132.569205,84.91,41.0,XPAR
2019-10-01 09:19:10.859193+02:00,1132.669627,1132.669627,84.9,5.0,XPAR
2019-10-01 09:19:10.859193+02:00,1132.669627,1132.669628,84.9,13.0,XPAR
2019-10-01 09:19:10.859262+02:00,1132.669696,1132.669696,84.9,145.0,XPAR
2019-10-01 09:19:16.563851+02:00,1138.374285,1138.374285,84.9,71.0,XPAR
2019-10-01 09:19:16.563851+02:00,1138.374285,1138.3742860000002,84.9,45.0,XPAR
2019-10-01 09:19:16.563851+02:00,1138.374285,1138.374287,84.9,150.0,XPAR
2019-10-01 09:19:16.563851+02:00,1138.374285,1138.3742880000002,84.9,100.0,XPAR
2019-10-01 09:19:16.563851+02:00,1138.374285,1138.374289,84.9,150.0,XPAR
2019-10-01 09:19:16.565719+02:00,1138.376153,1138.376153,84.89,8.0,XPAR
2019-10-01 09:19:16.565719+02:00,1138.376153,1138.376154,84.89,18.0,XPAR
2019-10-01 09:19:19.821414+02:00,1141.631848,1141.631848,84.9,34.0,XPAR
2019-10-01 09:19:19.821414+02:00,1141.631848,1141.631849,84.9,53.0,XPAR
2019-10-01 09:19:19.822442+02:00,1141.632876,1141.632876,84.9,100.0,XPAR
2019-10-01 09:19:19.822442+02:00,1141.632876,1141.632877,84.9,11.0,XPAR
2019-10-01 09:19:22.874592+02:00,1144.685026,1144.685026,84.92,150.0,XPAR
2019-10-01 09:19:22.913210+02:00,1144.723644,1144.723644,84.92,33.0,XPAR
2019-10-01 09:19:35.506905+02:00,1157.317339,1157.317339,84.91,150.0,XPAR
2019-10-01 09:19:35.506905+02:00,1157.317339,1157.31734,84.91,114.0,XPAR
2019-10-01 09:19:35.506905+02:00,1157.317339,1157.317341,84.91,150.0,XPAR
2019-10-01 09:19:35.506905+02:00,1157.317339,1157.317342,84.91,71.0,XPAR
2019-10-01 09:19:45.390855+02:00,1167.201289,1167.201289,84.92,150.0,XPAR
2019-10-01 09:19:45.390855+02:00,1167.201289,1167.2012900000002,84.92,150.0,XPAR
2019-10-01 09:19:55.452791+02:00,1177.263225,1177.263225,84.9,60.0,XPAR
2019-10-01 09:19:55.452791+02:00,1177.263225,1177.263226,84.9,179.0,XPAR
2019-10-01 09:19:55.452791+02:00,1177.263225,1177.263227,84.9,22.0,XPAR
2019-10-01 09:19:55.453707+02:00,1177.264141,1177.264141,84.89,150.0,XPAR
2019-10-01 09:19:55.747648+02:00,1177.558082,1177.558082,84.88,50.0,XPAR
2019-10-01 09:19:55.747648+02:00,1177.558082,1177.5580830000001,84.88,10.0,XPAR
2019-10-01 09:19:55.748722+02:00,1177.559156,1177.559156,84.88,27.0,XPAR
2019-10-01 09:19:55.748722+02:00,1177.559156,1177.5591570000001,84.88,201.0,XPAR
2019-10-01 09:20:04.815729+02:00,1186.626163,1186.626163,84.87,264.0,XPAR
2019-10-01 09:20:04.815770+02:00,1186.626204,1186.626204,84.87,259.0,XPAR
2019-10-01 09:20:04.815770+02:00,1186.626204,1186.626205,84.87,58.0,XPAR
2019-10-01 09:20:04.815770+02:00,1186.626204,1186.626206,84.87,83.0,XPAR
2019-10-01 09:20:04.815859+02:00,1186.626293,1186.626293,84.87,141.0,XPAR
2019-10-01 09:20:04.815892+02:00,1186.626326,1186.626326,84.87,206.0,XPAR
2019-10-01 09:20:04.815892+02:00,1186.626326,1186.6263270000002,84.87,199.0,XPAR
2019-10-01 09:20:04.815944+02:00,1186.626378,1186.626378,84.87,141.0,XPAR
2019-10-01 09:20:04.816025+02:00,1186.626459,1186.626459,84.87,194.0,XPAR
2019-10-01 09:20:04.816074+02:00,1186.626508,1186.626508,84.87,12.0,XPAR
2019-10-01 09:20:04.816074+02:00,1186.626508,1186.6265090000002,84.87,129.0,XPAR
2019-10-01 09:20:04.816127+02:00,1186.626561,1186.626561,84.87,1.0,XPAR
2019-10-01 09:20:04.816184+02:00,1186.626618,1186.626618,84.87,65.0,XPAR
2019-10-01 09:20:04.816213+02:00,1186.626647,1186.626647,84.87,65.0,XPAR
2019-10-01 09:20:04.816278+02:00,1186.626712,1186.626712,84.87,100.0,XPAR
2019-10-01 09:20:04.816308+02:00,1186.626742,1186.626742,84.87,116.0,XPAR
2019-10-01 09:20:04.816308+02:00,1186.626742,1186.626743,84.87,25.0,XPAR
2019-10-01 09:20:04.816396+02:00,1186.62683,1186.62683,84.87,141.0,XPAR
2019-10-01 09:20:08.133894+02:00,1189.944328,1189.944328,84.87,53.0,XPAR
2019-10-01 09:20:08.133894+02:00,1189.944328,1189.9443290000002,84.87,347.0,XPAR
2019-10-01 09:20:08.133965+02:00,1189.944399,1189.944399,84.87,72.0,XPAR
2019-10-01 09:20:08.133998+02:00,1189.944432,1189.944432,84.87,195.0,XPAR
2019-10-01 09:20:08.134028+02:00,1189.944462,1189.944462,84.87,72.0,XPAR
2019-10-01 09:20:08.134061+02:00,1189.944495,1189.944495,84.87,339.0,XPAR
2019-10-01 09:20:08.134061+02:00,1189.944495,1189.944496,84.87,80.0,XPAR
2019-10-01 09:20:08.134114+02:00,1189.944548,1189.944548,84.87,261.0,XPAR
2019-10-01 09:20:08.134143+02:00,1189.944577,1189.944577,84.87,86.0,XPAR
2019-10-01 09:20:08.134143+02:00,1189.944577,1189.944578,84.87,333.0,XPAR
2019-10-01 09:20:08.134160+02:00,1189.944594,1189.944594,84.87,80.0,XPAR
2019-10-01 09:20:08.134193+02:00,1189.944627,1189.944627,84.87,72.0,XPAR
2019-10-01 09:20:08.134334+02:00,1189.944768,1189.944768,84.87,80.0,XPAR
2019-10-01 09:20:08.134512+02:00,1189.944946,1189.944946,84.87,72.0,XPAR
2019-10-01 09:20:08.135186+02:00,1189.94562,1189.94562,84.87,235.0,XPAR
2019-10-01 09:20:08.135229+02:00,1189.945663,1189.945663,84.87,235.0,XPAR
2019-10-01 09:20:08.135229+02:00,1189.945663,1189.945664,84.87,112.0,XPAR
2019-10-01 09:20:08.135292+02:00,1189.945726,1189.945726,84.87,235.0,XPAR
2019-10-01 09:20:08.135322+02:00,1189.945756,1189.945756,84.87,112.0,XPAR
2019-10-01 09:20:08.135322+02:00,1189.945756,1189.9457570000002,84.87,235.0,XPAR
2019-10-01 09:20:08.135370+02:00,1189.945804,1189.945804,84.87,112.0,XPAR
2019-10-01 09:20:08.135403+02:00,1189.945837,1189.945837,84.87,112.0,XPAR
2019-10-01 09:20:08.135433+02:00,1189.945867,1189.945867,84.87,80.0,XPAR
2019-10-01 09:20:08.135487+02:00,1189.945921,1189.945921,84.87,304.0,XPAR
2019-10-01 09:20:08.135487+02:00,1189.945921,1189.945922,84.87,43.0,XPAR
2019-10-01 09:20:08.135582+02:00,1189.946016,1189.946016,84.87,347.0,XPAR
2019-10-01 09:20:08.338748+02:00,1190.149182,1190.149182,84.87,129.0,XPAR
2019-10-01 09:20:08.338830+02:00,1190.149264,1190.149264,84.87,51.0,XPAR
2019-10-01 09:20:08.338871+02:00,1190.149305,1190.149305,84.87,167.0,XPAR
2019-10-01 09:20:08.338871+02:00,1190.149305,1190.149306,84.87,51.0,XPAR
2019-10-01 09:20:13.100193+02:00,1194.910627,1194.910627,84.87,221.0,XPAR
2019-10-01 09:20:13.100193+02:00,1194.910627,1194.910628,84.87,267.0,XPAR
2019-10-01 09:20:13.100407+02:00,1194.910841,1194.910841,84.87,172.0,XPAR
2019-10-01 09:20:13.100407+02:00,1194.910841,1194.910842,84.87,3.0,XPAR
2019-10-01 09:20:13.101434+02:00,1194.911868,1194.911868,84.86,12.0,XPAR
2019-10-01 09:20:13.101434+02:00,1194.911868,1194.911869,84.86,35.0,XPAR
2019-10-01 09:20:13.101434+02:00,1194.911868,1194.91187,84.86,50.0,XPAR
2019-10-01 09:20:13.101512+02:00,1194.911946,1194.911946,84.86,48.0,XPAR
2019-10-01 09:20:13.101542+02:00,1194.911976,1194.911976,84.86,100.0,XPAR
2019-10-01 09:20:13.101542+02:00,1194.911976,1194.9119770000002,84.86,27.0,XPAR
2019-10-01 09:20:13.103219+02:00,1194.913653,1194.913653,84.87,311.0,XPAR
2019-10-01 09:20:15.566885+02:00,1197.377319,1197.377319,84.85,39.0,XPAR
2019-10-01 09:20:15.571861+02:00,1197.382295,1197.382295,84.85,4.0,XPAR
2019-10-01 09:20:15.575145+02:00,1197.385579,1197.385579,84.85,6.0,XPAR
2019-10-01 09:20:16.716198+02:00,1198.526632,1198.526632,84.84,13.0,XPAR
2019-10-01 09:20:16.716198+02:00,1198.526632,1198.5266330000002,84.84,25.0,XPAR
2019-10-01 09:20:16.716198+02:00,1198.526632,1198.526634,84.84,62.0,XPAR
2019-10-01 09:20:16.716287+02:00,1198.526721,1198.526721,84.84,20.0,XPAR
2019-10-01 09:20:25.476231+02:00,1207.286665,1207.286665,84.87,104.0,XPAR
2019-10-01 09:20:25.476231+02:00,1207.286665,1207.2866660000002,84.87,150.0,XPAR
2019-10-01 09:20:25.476231+02:00,1207.286665,1207.286667,84.87,4.0,XPAR
2019-10-01 09:20:36.935866+02:00,1218.7463,1218.7463,84.87,33.0,XPAR
2019-10-01 09:20:36.935957+02:00,1218.746391,1218.746391,84.87,150.0,XPAR
2019-10-01 09:20:48.730931+02:00,1230.541365,1230.541365,84.89,43.0,XPAR
2019-10-01 09:20:48.749361+02:00,1230.559795,1230.559795,84.89,19.0,XPAR
2019-10-01 09:20:48.749447+02:00,1230.559881,1230.559881,84.89,40.0,XPAR
2019-10-01 09:20:48.749447+02:00,1230.559881,1230.559882,84.89,53.0,XPAR
2019-10-01 09:20:51.135831+02:00,1232.946265,1232.946265,84.91,41.0,XPAR
2019-10-01 09:21:39.215915+02:00,1281.026349,1281.026349,84.93,100.0,XPAR
2019-10-01 09:21:39.216489+02:00,1281.026923,1281.026923,84.92,51.0,XPAR
2019-10-01 09:21:39.216489+02:00,1281.026923,1281.026924,84.91,99.0,XPAR
2019-10-01 09:21:39.227209+02:00,1281.037643,1281.037643,84.92,12.0,XPAR
2019-10-01 09:21:39.227209+02:00,1281.037643,1281.037644,84.91,138.0,XPAR
2019-10-01 09:21:39.238448+02:00,1281.048882,1281.048882,84.92,29.0,XPAR
2019-10-01 09:21:39.238868+02:00,1281.049302,1281.049302,84.91,113.0,XPAR
2019-10-01 09:21:39.238868+02:00,1281.049302,1281.049303,84.91,130.0,XPAR
2019-10-01 09:21:39.392301+02:00,1281.202735,1281.202735,84.93,7.0,XPAR
2019-10-01 09:21:39.392301+02:00,1281.202735,1281.2027360000002,84.93,6.0,XPAR
2019-10-01 09:21:39.392558+02:00,1281.202992,1281.202992,84.93,141.0,XPAR
2019-10-01 09:21:40.198743+02:00,1282.009177,1282.009177,84.93,4.0,XPAR
2019-10-01 09:21:40.199177+02:00,1282.009611,1282.009611,84.93,14.0,XPAR
2019-10-01 09:21:43.067804+02:00,1284.878238,1284.878238,84.92,100.0,XPAR
2019-10-01 09:21:43.067804+02:00,1284.878238,1284.8782390000001,84.92,51.0,XPAR
2019-10-01 09:21:43.067804+02:00,1284.878238,1284.87824,84.92,72.0,XPAR
2019-10-01 09:21:45.113788+02:00,1286.924222,1286.924222,84.93,121.0,XPAR
2019-10-01 09:21:45.466986+02:00,1287.27742,1287.27742,84.92,38.0,XPAR
2019-10-01 09:21:50.211993+02:00,1292.022427,1292.022427,84.89,40.0,XPAR
2019-10-01 09:22:16.475067+02:00,1318.285501,1318.285501,84.91,150.0,XPAR
2019-10-01 09:22:16.475067+02:00,1318.285501,1318.2855020000002,84.91,367.0,XPAR
2019-10-01 09:22:16.483940+02:00,1318.294374,1318.294374,84.9,90.0,XPAR
2019-10-01 09:22:40.271294+02:00,1342.081728,1342.081728,84.88,40.0,XPAR
2019-10-01 09:22:40.271960+02:00,1342.082394,1342.082394,84.87,76.0,XPAR
2019-10-01 09:22:40.272333+02:00,1342.082767,1342.082767,84.86,66.0,XPAR
2019-10-01 09:22:40.907698+02:00,1342.718132,1342.718132,84.85,1.0,XPAR
2019-10-01 09:22:40.908854+02:00,1342.719288,1342.719288,84.85,17.0,XPAR
2019-10-01 09:22:41.156309+02:00,1342.966743,1342.966743,84.85,65.0,XPAR
2019-10-01 09:22:41.156374+02:00,1342.966808,1342.966808,84.85,85.0,XPAR
2019-10-01 09:23:07.567706+02:00,1369.37814,1369.37814,84.92,126.0,XPAR
2019-10-01 09:23:08.261742+02:00,1370.072176,1370.072176,84.9,208.0,XPAR
2019-10-01 09:23:08.261742+02:00,1370.072176,1370.072177,84.9,150.0,XPAR
2019-10-01 09:23:08.264426+02:00,1370.07486,1370.07486,84.89,125.0,XPAR
2019-10-01 09:23:08.264426+02:00,1370.07486,1370.074861,84.89,100.0,XPAR
2019-10-01 09:23:08.264426+02:00,1370.07486,1370.074862,84.89,72.0,XPAR
2019-10-01 09:23:13.374617+02:00,1375.185051,1375.185051,84.87,24.0,XPAR
2019-10-01 09:23:13.375497+02:00,1375.185931,1375.185931,84.86,79.0,XPAR
2019-10-01 09:23:35.951610+02:00,1397.762044,1397.762044,84.85,26.0,XPAR
2019-10-01 09:23:35.951610+02:00,1397.762044,1397.7620450000002,84.85,13.0,XPAR
2019-10-01 09:23:47.238212+02:00,1409.048646,1409.048646,84.83,134.0,XPAR
2019-10-01 09:23:47.699853+02:00,1409.510287,1409.510287,84.82,26.0,XPAR
2019-10-01 09:23:56.448092+02:00,1418.258526,1418.258526,84.81,150.0,XPAR
2019-10-01 09:23:57.441409+02:00,1419.251843,1419.251843,84.79,24.0,XPAR
2019-10-01 09:23:57.441409+02:00,1419.251843,1419.2518440000001,84.79,17.0,XPAR
2019-10-01 09:24:22.532752+02:00,1444.343186,1444.343186,84.8,100.0,XPAR
2019-10-01 09:24:29.549969+02:00,1451.360403,1451.360403,84.78,72.0,XPAR
2019-10-01 09:25:33.822356+02:00,1515.63279,1515.63279,84.82,71.0,XPAR
2019-10-01 09:25:33.822356+02:00,1515.63279,1515.6327910000002,84.82,150.0,XPAR
2019-10-01 09:25:33.822356+02:00,1515.63279,1515.632792,84.82,150.0,XPAR
2019-10-01 09:26:20.250616+02:00,1562.06105,1562.06105,84.79,150.0,XPAR
2019-10-01 09:26:21.155228+02:00,1562.965662,1562.965662,84.8,2.0,XPAR
2019-10-01 09:26:21.155499+02:00,1562.965933,1562.965933,84.8,148.0,XPAR
2019-10-01 09:26:21.155499+02:00,1562.965933,1562.965934,84.8,11.0,XPAR
2019-10-01 09:26:31.195796+02:00,1573.00623,1573.00623,84.78,150.0,XPAR
2019-10-01 09:26:31.195796+02:00,1573.00623,1573.006231,84.78,86.0,XPAR
2019-10-01 09:26:31.195796+02:00,1573.00623,1573.006232,84.78,74.0,XPAR
2019-10-01 09:26:31.196086+02:00,1573.00652,1573.00652,84.78,83.0,XPAR
2019-10-01 09:26:50.156373+02:00,1591.966807,1591.966807,84.77,8.0,XPAR
2019-10-01 09:26:50.156373+02:00,1591.966807,1591.9668080000001,84.77,12.0,XPAR
2019-10-01 09:26:50.156452+02:00,1591.966886,1591.966886,84.77,27.0,XPAR
2019-10-01 09:26:50.157465+02:00,1591.967899,1591.967899,84.76,17.0,XPAR
2019-10-01 09:26:50.157465+02:00,1591.967899,1591.9679,84.76,200.0,XPAR
2019-10-01 09:26:50.157465+02:00,1591.967899,1591.967901,84.76,150.0,XPAR
2019-10-01 09:26:58.855093+02:00,1600.665527,1600.665527,84.75,45.0,XPAR
2019-10-01 09:27:20.234593+02:00,1622.045027,1622.045027,84.82,7.0,XPAR
2019-10-01 09:27:20.234593+02:00,1622.045027,1622.045028,84.79,150.0,XPAR
2019-10-01 09:27:20.234593+02:00,1622.045027,1622.0450289999999,84.81,150.0,XPAR
2019-10-01 09:27:20.234593+02:00,1622.045027,1622.04503,84.8,174.0,XPAR
2019-10-01 09:27:20.234593+02:00,1622.045027,1622.0450309999999,84.79,150.0,XPAR
2019-10-01 09:27:20.234593+02:00,1622.045027,1622.045032,84.78,69.0,XPAR
2019-10-01 09:27:20.234593+02:00,1622.045027,1622.0450329999999,84.81,69.0,XPAR
2019-10-01 09:27:20.234593+02:00,1622.045027,1622.045034,84.79,174.0,XPAR
2019-10-01 09:27:20.234593+02:00,1622.045027,1622.0450349999999,84.79,77.0,XPAR
2019-10-01 09:27:20.234593+02:00,1622.045027,1622.045036,84.78,150.0,XPAR
2019-10-01 09:27:20.234593+02:00,1622.045027,1622.0450369999999,84.78,174.0,XPAR
2019-10-01 09:27:20.234593+02:00,1622.045027,1622.045038,84.79,110.0,XPAR
2019-10-01 09:27:20.235801+02:00,1622.046235,1622.046235,84.78,100.0,XPAR
2019-10-01 09:27:20.236345+02:00,1622.046779,1622.046779,84.8,28.0,XPAR
2019-10-01 09:27:20.253234+02:00,1622.063668,1622.063668,84.78,150.0,XPAR
2019-10-01 09:27:20.255420+02:00,1622.065854,1622.065854,84.78,150.0,XPAR
2019-10-01 09:27:42.027261+02:00,1643.837695,1643.837695,84.82,40.0,XPAR
2019-10-01 09:27:43.466214+02:00,1645.276648,1645.276648,84.84,26.0,XPAR
2019-10-01 09:27:44.081685+02:00,1645.892119,1645.892119,84.82,26.0,XPAR
2019-10-01 09:27:44.083433+02:00,1645.893867,1645.893867,84.82,10.0,XPAR
2019-10-01 09:27:44.083433+02:00,1645.893867,1645.893868,84.82,124.0,XPAR
2019-10-01 09:27:45.687850+02:00,1647.498284,1647.498284,84.82,150.0,XPAR
2019-10-01 09:27:45.688662+02:00,1647.499096,1647.499096,84.83,25.0,XPAR
2019-10-01 09:28:12.307406+02:00,1674.11784,1674.11784,84.85,150.0,XPAR
2019-10-01 09:28:30.105695+02:00,1691.916129,1691.916129,84.86,25.0,XPAR
2019-10-01 09:28:38.350294+02:00,1700.160728,1700.160728,84.83,218.0,XPAR
2019-10-01 09:28:49.020357+02:00,1710.830791,1710.830791,84.81,5.0,XPAR
2019-10-01 09:28:49.020431+02:00,1710.830865,1710.830865,84.81,145.0,XPAR
2019-10-01 09:28:49.022938+02:00,1710.833372,1710.833372,84.8,23.0,XPAR
2019-10-01 09:29:02.129241+02:00,1723.939675,1723.939675,84.77,16.0,XPAR
2019-10-01 09:29:20.400186+02:00,1742.21062,1742.21062,84.77,12.0,XPAR
2019-10-01 09:29:52.377095+02:00,1774.187529,1774.187529,84.76,10.0,XPAR
2019-10-01 09:29:52.377095+02:00,1774.187529,1774.1875300000002,84.76,70.0,XPAR
2019-10-01 09:29:52.377185+02:00,1774.187619,1774.187619,84.76,80.0,XPAR
2019-10-01 09:29:52.377185+02:00,1774.187619,1774.1876200000002,84.76,84.0,XPAR
2019-10-01 09:30:09.780233+02:00,1791.590667,1791.590667,84.74,16.0,XPAR
2019-10-01 09:30:09.780233+02:00,1791.590667,1791.590668,84.74,79.0,XPAR
2019-10-01 09:30:09.780233+02:00,1791.590667,1791.590669,84.74,162.0,XPAR
2019-10-01 09:30:09.780316+02:00,1791.59075,1791.59075,84.73,150.0,XPAR
2019-10-01 09:30:09.780316+02:00,1791.59075,1791.5907510000002,84.73,10.0,XPAR
2019-10-01 09:30:09.780484+02:00,1791.590918,1791.590918,84.73,28.0,XPAR
2019-10-01 09:30:09.780484+02:00,1791.590918,1791.5909190000002,84.73,152.0,XPAR
2019-10-01 09:30:09.780484+02:00,1791.590918,1791.59092,84.75,150.0,XPAR
2019-10-01 09:30:09.780484+02:00,1791.590918,1791.5909210000002,84.73,70.0,XPAR
2019-10-01 09:30:09.781175+02:00,1791.591609,1791.591609,84.74,100.0,XPAR
2019-10-01 09:30:09.781313+02:00,1791.591747,1791.591747,84.74,50.0,XPAR
2019-10-01 09:30:09.781469+02:00,1791.591903,1791.591903,84.74,22.0,XPAR
2019-10-01 09:30:18.136677+02:00,1799.947111,1799.947111,84.75,57.0,XPAR
2019-10-01 09:30:23.844590+02:00,1805.655024,1805.655024,84.74,70.0,XPAR
2019-10-01 09:30:27.243256+02:00,1809.05369,1809.05369,84.73,207.0,XPAR
2019-10-01 09:30:27.243993+02:00,1809.054427,1809.054427,84.72,23.0,XPAR
2019-10-01 09:30:27.274478+02:00,1809.084912,1809.084912,84.7,3.0,XPAR
2019-10-01 09:30:27.274571+02:00,1809.085005,1809.085005,84.7,10.0,XPAR
2019-10-01 09:31:33.192376+02:00,1875.00281,1875.00281,84.71,3.0,XPAR
2019-10-01 09:31:33.192491+02:00,1875.002925,1875.002925,84.71,47.0,XPAR
2019-10-01 09:31:39.513138+02:00,1881.323572,1881.323572,84.71,150.0,XPAR
2019-10-01 09:31:39.513138+02:00,1881.323572,1881.3235730000001,84.71,100.0,XPAR
2019-10-01 09:31:57.140766+02:00,1898.9512,1898.9512,84.68,79.0,XPAR
2019-10-01 09:31:57.140766+02:00,1898.9512,1898.951201,84.68,6.0,XPAR
2019-10-01 09:33:08.219523+02:00,1970.029957,1970.029957,84.68,38.0,XPAR
2019-10-01 09:33:08.219523+02:00,1970.029957,1970.029958,84.68,150.0,XPAR
2019-10-01 09:33:15.799407+02:00,1977.609841,1977.609841,84.68,60.0,XPAR
2019-10-01 09:33:15.799407+02:00,1977.609841,1977.609842,84.68,150.0,XPAR
2019-10-01 09:33:15.799714+02:00,1977.610148,1977.610148,84.68,78.0,XPAR
2019-10-01 09:33:15.862430+02:00,1977.672864,1977.672864,84.67,10.0,XPAR
2019-10-01 09:33:15.862430+02:00,1977.672864,1977.672865,84.67,30.0,XPAR
2019-10-01 09:33:28.076871+02:00,1989.887305,1989.887305,84.66,52.0,XPAR
2019-10-01 09:33:31.831900+02:00,1993.642334,1993.642334,84.7,15.0,XPAR
2019-10-01 09:33:31.832045+02:00,1993.642479,1993.642479,84.7,158.0,XPAR
2019-10-01 09:34:09.899489+02:00,2031.709923,2031.709923,84.69,150.0,XPAR
2019-10-01 09:35:00.858358+02:00,2082.668792,2082.668792,84.65,8.0,XPAR
2019-10-01 09:35:00.858358+02:00,2082.668792,2082.668793,84.64,392.0,XPAR
2019-10-01 09:35:00.858457+02:00,2082.668891,2082.668891,84.64,400.0,XPAR
2019-10-01 09:35:00.858563+02:00,2082.668997,2082.668997,84.64,383.0,XPAR
2019-10-01 09:35:00.859499+02:00,2082.669933,2082.669933,84.63,10.0,XPAR
2019-10-01 09:35:00.859499+02:00,2082.669933,2082.669934,84.63,75.0,XPAR
2019-10-01 09:35:01.049976+02:00,2082.86041,2082.86041,84.62,150.0,XPAR
2019-10-01 09:35:03.692343+02:00,2085.502777,2085.502777,84.61,42.0,XPAR
2019-10-01 09:35:03.714436+02:00,2085.52487,2085.52487,84.6,18.0,XPAR
2019-10-01 09:35:03.714436+02:00,2085.52487,2085.524871,84.6,150.0,XPAR
2019-10-01 09:35:03.714436+02:00,2085.52487,2085.5248720000004,84.6,13.0,XPAR
2019-10-01 09:35:10.963523+02:00,2092.773957,2092.773957,84.59,100.0,XPAR
2019-10-01 09:35:20.986741+02:00,2102.797175,2102.797175,84.59,9.0,XPAR
2019-10-01 09:35:20.986741+02:00,2102.797175,2102.797176,84.59,54.0,XPAR
2019-10-01 09:35:22.041386+02:00,2103.85182,2103.85182,84.58,25.0,XPAR
2019-10-01 09:35:22.041386+02:00,2103.85182,2103.8518209999997,84.58,18.0,XPAR
2019-10-01 09:35:31.239053+02:00,2113.049487,2113.049487,84.55,100.0,XPAR
2019-10-01 09:35:31.239053+02:00,2113.049487,2113.049488,84.55,17.0,XPAR
2019-10-01 09:35:31.239053+02:00,2113.049487,2113.0494890000004,84.55,12.0,XPAR
2019-10-01 09:35:31.239137+02:00,2113.049571,2113.049571,84.55,50.0,XPAR
2019-10-01 09:35:43.659906+02:00,2125.47034,2125.47034,84.54,27.0,XPAR
2019-10-01 09:35:43.659906+02:00,2125.47034,2125.4703409999997,84.54,11.0,XPAR
2019-10-01 09:35:43.660035+02:00,2125.470469,2125.470469,84.54,68.0,XPAR
2019-10-01 09:35:45.008665+02:00,2126.819099,2126.819099,84.55,100.0,XPAR
2019-10-01 09:35:58.550035+02:00,2140.360469,2140.360469,84.53,51.0,XPAR
2019-10-01 09:35:58.550414+02:00,2140.360848,2140.360848,84.52,40.0,XPAR
2019-10-01 09:35:58.551088+02:00,2140.361522,2140.361522,84.52,55.0,XPAR
2019-10-01 09:36:11.516012+02:00,2153.326446,2153.326446,84.54,44.0,XPAR
2019-10-01 09:36:11.516073+02:00,2153.326507,2153.326507,84.54,72.0,XPAR
2019-10-01 09:36:31.553999+02:00,2173.364433,2173.364433,84.54,110.0,XPAR
2019-10-01 09:36:51.533032+02:00,2193.343466,2193.343466,84.54,3.0,XPAR
2019-10-01 09:36:52.347512+02:00,2194.157946,2194.157946,84.53,100.0,XPAR
2019-10-01 09:36:52.347689+02:00,2194.158123,2194.158123,84.53,27.0,XPAR
2019-10-01 09:36:56.852599+02:00,2198.663033,2198.663033,84.52,217.0,XPAR
2019-10-01 09:36:56.895699+02:00,2198.706133,2198.706133,84.51,17.0,XPAR
2019-10-01 09:37:10.502075+02:00,2212.312509,2212.312509,84.5,150.0,XPAR
2019-10-01 09:37:10.502075+02:00,2212.312509,2212.3125099999997,84.5,53.0,XPAR
2019-10-01 09:37:10.502075+02:00,2212.312509,2212.312511,84.5,17.0,XPAR
2019-10-01 09:37:10.503137+02:00,2212.313571,2212.313571,84.5,97.0,XPAR
2019-10-01 09:37:25.801748+02:00,2227.612182,2227.612182,84.52,150.0,XPAR
2019-10-01 09:37:25.801748+02:00,2227.612182,2227.6121829999997,84.52,539.0,XPAR
2019-10-01 09:37:25.801748+02:00,2227.612182,2227.612184,84.52,200.0,XPAR
2019-10-01 09:37:25.801748+02:00,2227.612182,2227.612185,84.51,456.0,XPAR
2019-10-01 09:37:25.801748+02:00,2227.612182,2227.612186,84.52,150.0,XPAR
2019-10-01 09:37:25.801748+02:00,2227.612182,2227.6121869999997,84.51,110.0,XPAR
2019-10-01 09:37:25.802969+02:00,2227.613403,2227.613403,84.51,104.0,XPAR
2019-10-01 09:37:40.870288+02:00,2242.680722,2242.680722,84.52,53.0,XPAR
2019-10-01 09:37:57.614864+02:00,2259.425298,2259.425298,84.5,37.0,XPAR
2019-10-01 09:38:04.380315+02:00,2266.190749,2266.190749,84.49,4.0,XPAR
2019-10-01 09:38:04.380315+02:00,2266.190749,2266.1907499999998,84.49,13.0,XPAR
2019-10-01 09:38:04.380315+02:00,2266.190749,2266.190751,84.49,10.0,XPAR
2019-10-01 09:38:04.380566+02:00,2266.191,2266.191,84.49,11.0,XPAR
2019-10-01 09:38:04.380566+02:00,2266.191,2266.1910009999997,84.49,18.0,XPAR
2019-10-01 09:38:04.380566+02:00,2266.191,2266.191002,84.49,130.0,XPAR
2019-10-01 09:38:04.381655+02:00,2266.192089,2266.192089,84.49,20.0,XPAR
2019-10-01 09:38:17.133254+02:00,2278.943688,2278.943688,84.51,23.0,XPAR
2019-10-01 09:38:39.086271+02:00,2300.896705,2300.896705,84.5,61.0,XPAR
2019-10-01 09:38:39.086271+02:00,2300.896705,2300.896706,84.5,42.0,XPAR
2019-10-01 09:38:39.086345+02:00,2300.896779,2300.896779,84.5,89.0,XPAR
2019-10-01 09:38:39.086796+02:00,2300.89723,2300.89723,84.5,150.0,XPAR
2019-10-01 09:38:39.330547+02:00,2301.140981,2301.140981,84.51,150.0,XPAR
2019-10-01 09:38:50.657486+02:00,2312.46792,2312.46792,84.52,150.0,XPAR
2019-10-01 09:38:50.658380+02:00,2312.468814,2312.468814,84.52,72.0,XPAR
2019-10-01 09:38:50.658380+02:00,2312.468814,2312.4688149999997,84.52,140.0,XPAR
2019-10-01 09:38:52.808829+02:00,2314.619263,2314.619263,84.5,100.0,XPAR
2019-10-01 09:40:24.093225+02:00,2405.903659,2405.903659,84.54,5.0,XPAR
2019-10-01 09:41:01.246430+02:00,2443.056864,2443.056864,84.54,230.0,XPAR
2019-10-01 09:41:01.249537+02:00,2443.059971,2443.059971,84.57,150.0,XPAR
2019-10-01 09:41:01.249916+02:00,2443.06035,2443.06035,84.57,1.0,XPAR
2019-10-01 09:41:52.200721+02:00,2494.011155,2494.011155,84.67,37.0,XPAR
2019-10-01 09:41:52.200824+02:00,2494.011258,2494.011258,84.67,113.0,XPAR
2019-10-01 09:41:52.200824+02:00,2494.011258,2494.011259,84.67,100.0,XPAR
2019-10-01 09:41:52.200824+02:00,2494.011258,2494.01126,84.67,75.0,XPAR
2019-10-01 09:41:52.209286+02:00,2494.01972,2494.01972,84.66,178.0,XPAR
2019-10-01 09:41:52.210473+02:00,2494.020907,2494.020907,84.65,88.0,XPAR
2019-10-01 09:42:24.291679+02:00,2526.102113,2526.102113,84.63,7.0,XPAR
2019-10-01 09:42:24.292816+02:00,2526.10325,2526.10325,84.63,72.0,XPAR
2019-10-01 09:42:24.292816+02:00,2526.10325,2526.103251,84.63,100.0,XPAR
2019-10-01 09:42:24.292816+02:00,2526.10325,2526.1032520000003,84.63,75.0,XPAR
2019-10-01 09:42:24.292816+02:00,2526.10325,2526.103253,84.63,150.0,XPAR
2019-10-01 09:42:24.292816+02:00,2526.10325,2526.103254,84.63,143.0,XPAR
2019-10-01 09:42:24.292816+02:00,2526.10325,2526.103255,84.63,110.0,XPAR
2019-10-01 09:42:24.293169+02:00,2526.103603,2526.103603,84.64,121.0,XPAR
2019-10-01 09:42:31.640677+02:00,2533.451111,2533.451111,84.65,31.0,XPAR
2019-10-01 09:42:31.640677+02:00,2533.451111,2533.4511119999997,84.65,66.0,XPAR
2019-10-01 09:42:31.640774+02:00,2533.451208,2533.451208,84.64,66.0,XPAR
2019-10-01 09:42:31.640774+02:00,2533.451208,2533.451209,84.64,51.0,XPAR
2019-10-01 09:42:31.640774+02:00,2533.451208,2533.45121,84.64,150.0,XPAR
2019-10-01 09:42:34.653480+02:00,2536.463914,2536.463914,84.65,36.0,XPAR
2019-10-01 09:43:45.001461+02:00,2606.811895,2606.811895,84.67,103.0,XPAR
2019-10-01 09:43:46.789536+02:00,2608.59997,2608.59997,84.66,57.0,XPAR
2019-10-01 09:43:46.789584+02:00,2608.600018,2608.600018,84.66,18.0,XPAR
2019-10-01 09:43:46.789584+02:00,2608.600018,2608.600019,84.66,233.0,XPAR
2019-10-01 09:43:46.790507+02:00,2608.600941,2608.600941,84.66,93.0,XPAR
2019-10-01 09:43:46.790507+02:00,2608.600941,2608.600942,84.66,150.0,XPAR
2019-10-01 09:43:46.790791+02:00,2608.601225,2608.601225,84.65,120.0,XPAR
2019-10-01 09:43:57.601996+02:00,2619.41243,2619.41243,84.63,190.0,XPAR
2019-10-01 09:43:57.601996+02:00,2619.41243,2619.4124309999997,84.63,150.0,XPAR
2019-10-01 09:43:57.602132+02:00,2619.412566,2619.412566,84.63,150.0,XPAR
2019-10-01 09:43:57.602132+02:00,2619.412566,2619.412567,84.63,33.0,XPAR
2019-10-01 09:43:59.124577+02:00,2620.935011,2620.935011,84.62,45.0,XPAR
2019-10-01 09:43:59.124577+02:00,2620.935011,2620.935012,84.62,19.0,XPAR
2019-10-01 09:44:49.956942+02:00,2671.767376,2671.767376,84.6,190.0,XPAR
2019-10-01 09:44:59.691251+02:00,2681.501685,2681.501685,84.59,1.0,XPAR
2019-10-01 09:44:59.691323+02:00,2681.501757,2681.501757,84.59,81.0,XPAR
2019-10-01 09:44:59.691323+02:00,2681.501757,2681.501758,84.59,11.0,XPAR
2019-10-01 09:45:24.023802+02:00,2705.834236,2705.834236,84.67,6.0,XPAR
2019-10-01 09:45:44.619140+02:00,2726.429574,2726.429574,84.62,12.0,XPAR
2019-10-01 09:45:44.619140+02:00,2726.429574,2726.4295749999997,84.62,66.0,XPAR
2019-10-01 09:45:45.143598+02:00,2726.954032,2726.954032,84.62,2.0,XPAR
2019-10-01 09:45:45.723382+02:00,2727.533816,2727.533816,84.61,150.0,XPAR
2019-10-01 09:45:50.502998+02:00,2732.313432,2732.313432,84.61,150.0,XPAR
2019-10-01 09:45:55.926216+02:00,2737.73665,2737.73665,84.59,16.0,XPAR
2019-10-01 09:46:16.905842+02:00,2758.716276,2758.716276,84.55,67.0,XPAR
2019-10-01 09:46:16.905842+02:00,2758.716276,2758.716277,84.54,173.0,XPAR
2019-10-01 09:46:16.905842+02:00,2758.716276,2758.7162780000003,84.54,15.0,XPAR
2019-10-01 09:46:16.905842+02:00,2758.716276,2758.716279,84.54,12.0,XPAR
2019-10-01 09:46:17.071262+02:00,2758.881696,2758.881696,84.55,34.0,XPAR
2019-10-01 09:46:17.071262+02:00,2758.881696,2758.881697,84.55,6.0,XPAR
2019-10-01 09:47:30.159951+02:00,2831.970385,2831.970385,84.57,150.0,XPAR
2019-10-01 09:47:30.159951+02:00,2831.970385,2831.970386,84.57,44.0,XPAR
2019-10-01 09:48:13.021039+02:00,2874.831473,2874.831473,84.61,11.0,XPAR
2019-10-01 09:48:13.021199+02:00,2874.831633,2874.831633,84.6,66.0,XPAR
2019-10-01 09:48:13.021199+02:00,2874.831633,2874.8316339999997,84.6,163.0,XPAR
2019-10-01 09:48:13.021484+02:00,2874.831918,2874.831918,84.61,100.0,XPAR
2019-10-01 09:48:13.021654+02:00,2874.832088,2874.832088,84.61,32.0,XPAR
2019-10-01 09:48:13.021692+02:00,2874.832126,2874.832126,84.61,68.0,XPAR
2019-10-01 09:48:13.021756+02:00,2874.83219,2874.83219,84.6,150.0,XPAR
2019-10-01 09:48:13.021932+02:00,2874.832366,2874.832366,84.59,77.0,XPAR
2019-10-01 09:48:13.021932+02:00,2874.832366,2874.832367,84.59,60.0,XPAR
2019-10-01 09:48:13.021932+02:00,2874.832366,2874.8323680000003,84.59,71.0,XPAR
2019-10-01 09:48:13.022135+02:00,2874.832569,2874.832569,84.59,53.0,XPAR
2019-10-01 09:48:13.022135+02:00,2874.832569,2874.83257,84.6,110.0,XPAR
2019-10-01 09:48:13.022135+02:00,2874.832569,2874.8325710000004,84.59,97.0,XPAR
2019-10-01 09:48:13.022257+02:00,2874.832691,2874.832691,84.59,10.0,XPAR
2019-10-01 09:48:13.022257+02:00,2874.832691,2874.832692,84.59,53.0,XPAR
2019-10-01 09:48:13.022315+02:00,2874.832749,2874.832749,84.59,47.0,XPAR
2019-10-01 09:48:27.013628+02:00,2888.824062,2888.824062,84.65,150.0,XPAR
2019-10-01 09:48:27.114270+02:00,2888.924704,2888.924704,84.64,109.0,XPAR
2019-10-01 09:48:33.007235+02:00,2894.817669,2894.817669,84.64,18.0,XPAR
2019-10-01 09:48:36.056350+02:00,2897.866784,2897.866784,84.64,150.0,XPAR
2019-10-01 09:48:42.344859+02:00,2904.155293,2904.155293,84.63,2.0,XPAR
2019-10-01 09:48:42.749817+02:00,2904.560251,2904.560251,84.63,76.0,XPAR
2019-10-01 09:48:42.749817+02:00,2904.560251,2904.5602519999998,84.63,60.0,XPAR
2019-10-01 09:49:00.769100+02:00,2922.579534,2922.579534,84.65,100.0,XPAR
2019-10-01 09:49:00.769100+02:00,2922.579534,2922.579535,84.65,70.0,XPAR
2019-10-01 09:49:00.769872+02:00,2922.580306,2922.580306,84.64,96.0,XPAR
2019-10-01 09:49:07.580315+02:00,2929.390749,2929.390749,84.63,150.0,XPAR
2019-10-01 09:49:47.601124+02:00,2969.411558,2969.411558,84.62,141.0,XPAR
2019-10-01 09:49:47.602697+02:00,2969.413131,2969.413131,84.61,78.0,XPAR
2019-10-01 09:49:47.605672+02:00,2969.416106,2969.416106,84.62,1.0,XPAR
2019-10-01 09:49:47.906477+02:00,2969.716911,2969.716911,84.6,130.0,XPAR
2019-10-01 09:49:55.153017+02:00,2976.963451,2976.963451,84.62,130.0,XPAR
2019-10-01 09:49:55.153017+02:00,2976.963451,2976.963452,84.62,30.0,XPAR
2019-10-01 09:49:55.810740+02:00,2977.621174,2977.621174,84.61,30.0,XPAR
2019-10-01 09:50:00.031922+02:00,2981.842356,2981.842356,84.59,60.0,XPAR
2019-10-01 09:50:36.704419+02:00,3018.514853,3018.514853,84.58,150.0,XPAR
2019-10-01 09:50:36.705250+02:00,3018.515684,3018.515684,84.57,100.0,XPAR
2019-10-01 09:50:36.705250+02:00,3018.515684,3018.515685,84.57,16.0,XPAR
2019-10-01 09:50:37.932139+02:00,3019.742573,3019.742573,84.57,30.0,XPAR
2019-10-01 09:50:50.001338+02:00,3031.811772,3031.811772,84.61,82.0,XPAR
2019-10-01 09:50:50.001338+02:00,3031.811772,3031.811773,84.61,150.0,XPAR
2019-10-01 09:51:41.961470+02:00,3083.771904,3083.771904,84.64,62.0,XPAR
2019-10-01 09:51:41.961470+02:00,3083.771904,3083.771905,84.64,72.0,XPAR
2019-10-01 09:51:41.961470+02:00,3083.771904,3083.7719060000004,84.64,60.0,XPAR
2019-10-01 09:51:41.961470+02:00,3083.771904,3083.7719070000003,84.64,150.0,XPAR
2019-10-01 09:51:41.961470+02:00,3083.771904,3083.771908,84.64,56.0,XPAR
2019-10-01 09:51:41.961658+02:00,3083.772092,3083.772092,84.64,11.0,XPAR
2019-10-01 09:51:41.963356+02:00,3083.77379,3083.77379,84.64,43.0,XPAR
2019-10-01 09:51:44.016596+02:00,3085.82703,3085.82703,84.66,150.0,XPAR
2019-10-01 09:51:44.017669+02:00,3085.828103,3085.828103,84.68,52.0,XPAR
2019-10-01 09:51:44.576661+02:00,3086.387095,3086.387095,84.68,57.0,XPAR
2019-10-01 09:51:45.939761+02:00,3087.750195,3087.750195,84.69,100.0,XPAR
2019-10-01 09:51:46.138910+02:00,3087.949344,3087.949344,84.68,39.0,XPAR
2019-10-01 09:52:00.949115+02:00,3102.759549,3102.759549,84.68,150.0,XPAR
2019-10-01 09:52:02.954850+02:00,3104.765284,3104.765284,84.67,60.0,XPAR
2019-10-01 09:52:02.954850+02:00,3104.765284,3104.765285,84.67,150.0,XPAR
2019-10-01 09:52:02.954850+02:00,3104.765284,3104.7652860000003,84.67,148.0,XPAR
2019-10-01 09:52:41.898733+02:00,3143.709167,3143.709167,84.73,150.0,XPAR
2019-10-01 09:52:41.898733+02:00,3143.709167,3143.709168,84.73,60.0,XPAR
2019-10-01 09:52:41.905841+02:00,3143.716275,3143.716275,84.72,182.0,XPAR
2019-10-01 09:52:41.905841+02:00,3143.716275,3143.716276,84.73,47.0,XPAR
2019-10-01 09:52:54.708649+02:00,3156.519083,3156.519083,84.73,150.0,XPAR
2019-10-01 09:52:54.708649+02:00,3156.519083,3156.519084,84.73,47.0,XPAR
2019-10-01 09:52:54.709785+02:00,3156.520219,3156.520219,84.73,49.0,XPAR
2019-10-01 09:53:14.044559+02:00,3175.854993,3175.854993,84.75,5.0,XPAR
2019-10-01 09:53:17.453629+02:00,3179.264063,3179.264063,84.75,100.0,XPAR
2019-10-01 09:53:50.110792+02:00,3211.921226,3211.921226,84.81,150.0,XPAR
2019-10-01 09:53:50.112054+02:00,3211.922488,3211.922488,84.81,128.0,XPAR
2019-10-01 09:53:50.112266+02:00,3211.9227,3211.9227,84.8,75.0,XPAR
2019-10-01 09:53:50.144871+02:00,3211.955305,3211.955305,84.79,26.0,XPAR
2019-10-01 09:53:50.861747+02:00,3212.672181,3212.672181,84.79,12.0,XPAR
2019-10-01 09:54:10.421677+02:00,3232.232111,3232.232111,84.76,73.0,XPAR
2019-10-01 09:54:10.421677+02:00,3232.232111,3232.2321119999997,84.76,150.0,XPAR
2019-10-01 09:54:10.421677+02:00,3232.232111,3232.232113,84.76,100.0,XPAR
2019-10-01 09:54:10.673668+02:00,3232.484102,3232.484102,84.77,150.0,XPAR
2019-10-01 09:54:10.674078+02:00,3232.484512,3232.484512,84.76,100.0,XPAR
2019-10-01 09:54:10.681671+02:00,3232.492105,3232.492105,84.76,22.0,XPAR
2019-10-01 09:54:10.717209+02:00,3232.527643,3232.527643,84.77,150.0,XPAR
2019-10-01 09:54:10.717791+02:00,3232.528225,3232.528225,84.77,150.0,XPAR
2019-10-01 09:54:10.718213+02:00,3232.528647,3232.528647,84.77,150.0,XPAR
2019-10-01 09:54:10.785704+02:00,3232.596138,3232.596138,84.79,75.0,XPAR
2019-10-01 09:54:45.042621+02:00,3266.853055,3266.853055,84.81,59.0,XPAR
2019-10-01 09:54:45.042621+02:00,3266.853055,3266.853056,84.81,150.0,XPAR
2019-10-01 09:54:45.042621+02:00,3266.853055,3266.8530570000003,84.81,91.0,XPAR
2019-10-01 09:54:45.043355+02:00,3266.853789,3266.853789,84.8,59.0,XPAR
2019-10-01 09:54:45.043355+02:00,3266.853789,3266.8537899999997,84.8,13.0,XPAR
2019-10-01 09:54:45.043379+02:00,3266.853813,3266.853813,84.8,58.0,XPAR
2019-10-01 09:54:45.045020+02:00,3266.855454,3266.855454,84.8,67.0,XPAR
2019-10-01 09:54:47.214226+02:00,3269.02466,3269.02466,84.81,150.0,XPAR
2019-10-01 09:54:47.214226+02:00,3269.02466,3269.024661,84.81,28.0,XPAR
2019-10-01 09:55:05.122394+02:00,3286.932828,3286.932828,84.84,41.0,XPAR
2019-10-01 09:55:05.123489+02:00,3286.933923,3286.933923,84.84,40.0,XPAR
2019-10-01 09:55:05.123729+02:00,3286.934163,3286.934163,84.83,150.0,XPAR
2019-10-01 09:55:42.441151+02:00,3324.251585,3324.251585,84.85,197.0,XPAR
2019-10-01 09:55:42.441151+02:00,3324.251585,3324.251586,84.85,53.0,XPAR
2019-10-01 09:55:42.441151+02:00,3324.251585,3324.251587,84.85,151.0,XPAR
2019-10-01 09:55:42.441151+02:00,3324.251585,3324.251588,84.85,150.0,XPAR
2019-10-01 09:55:42.441247+02:00,3324.251681,3324.251681,84.85,22.0,XPAR
2019-10-01 09:55:42.441247+02:00,3324.251681,3324.251682,84.85,59.0,XPAR
2019-10-01 09:55:42.441495+02:00,3324.251929,3324.251929,84.85,66.0,XPAR
2019-10-01 09:55:42.442208+02:00,3324.252642,3324.252642,84.85,132.0,XPAR
2019-10-01 09:55:42.442260+02:00,3324.252694,3324.252694,84.85,18.0,XPAR
2019-10-01 09:55:42.865681+02:00,3324.676115,3324.676115,84.84,150.0,XPAR
2019-10-01 09:55:53.417443+02:00,3335.227877,3335.227877,84.83,150.0,XPAR
2019-10-01 09:55:53.418361+02:00,3335.228795,3335.228795,84.82,150.0,XPAR
2019-10-01 09:55:53.418361+02:00,3335.228795,3335.228796,84.82,59.0,XPAR
2019-10-01 09:55:53.419524+02:00,3335.229958,3335.229958,84.81,13.0,XPAR
2019-10-01 09:55:53.419524+02:00,3335.229958,3335.229959,84.81,150.0,XPAR
2019-10-01 09:55:59.675851+02:00,3341.486285,3341.486285,84.82,150.0,XPAR
2019-10-01 09:56:04.013385+02:00,3345.823819,3345.823819,84.79,36.0,XPAR
2019-10-01 09:56:04.013385+02:00,3345.823819,3345.82382,84.79,160.0,XPAR
2019-10-01 09:56:04.013385+02:00,3345.823819,3345.8238210000004,84.81,100.0,XPAR
2019-10-01 09:56:04.013385+02:00,3345.823819,3345.8238220000003,84.8,160.0,XPAR
2019-10-01 09:56:04.013385+02:00,3345.823819,3345.823823,84.8,69.0,XPAR
2019-10-01 09:56:04.013385+02:00,3345.823819,3345.823824,84.79,100.0,XPAR
2019-10-01 09:56:04.013385+02:00,3345.823819,3345.8238250000004,84.81,110.0,XPAR
2019-10-01 09:56:04.013385+02:00,3345.823819,3345.8238260000003,84.79,120.0,XPAR
2019-10-01 09:56:04.013385+02:00,3345.823819,3345.823827,84.79,32.0,XPAR
2019-10-01 09:56:04.013385+02:00,3345.823819,3345.823828,84.79,69.0,XPAR
2019-10-01 09:56:04.013385+02:00,3345.823819,3345.8238290000004,84.79,47.0,XPAR
2019-10-01 09:56:04.013385+02:00,3345.823819,3345.8238300000003,84.79,74.0,XPAR
2019-10-01 09:56:04.013385+02:00,3345.823819,3345.823831,84.79,70.0,XPAR
2019-10-01 09:56:04.014959+02:00,3345.825393,3345.825393,84.79,36.0,XPAR
2019-10-01 09:56:04.014959+02:00,3345.825393,3345.825394,84.8,150.0,XPAR
2019-10-01 09:56:04.014959+02:00,3345.825393,3345.8253950000003,84.79,143.0,XPAR
2019-10-01 09:56:30.644228+02:00,3372.454662,3372.454662,84.85,70.0,XPAR
2019-10-01 09:56:30.644228+02:00,3372.454662,3372.454663,84.85,56.0,XPAR
2019-10-01 09:56:31.305073+02:00,3373.115507,3373.115507,84.84,100.0,XPAR
2019-10-01 09:56:32.654078+02:00,3374.464512,3374.464512,84.85,100.0,XPAR
2019-10-01 09:56:32.655201+02:00,3374.465635,3374.465635,84.85,100.0,XPAR
2019-10-01 09:56:34.473571+02:00,3376.284005,3376.284005,84.85,60.0,XPAR
2019-10-01 09:56:34.475586+02:00,3376.28602,3376.28602,84.84,100.0,XPAR
2019-10-01 09:56:40.239337+02:00,3382.049771,3382.049771,84.87,5.0,XPAR
2019-10-01 09:56:40.239422+02:00,3382.049856,3382.049856,84.87,145.0,XPAR
2019-10-01 09:56:50.282267+02:00,3392.092701,3392.092701,84.88,172.0,XPAR
2019-10-01 09:57:05.571361+02:00,3407.381795,3407.381795,84.91,59.0,XPAR
2019-10-01 09:57:05.571361+02:00,3407.381795,3407.3817959999997,84.91,150.0,XPAR
2019-10-01 09:57:11.321956+02:00,3413.13239,3413.13239,84.91,139.0,XPAR
2019-10-01 09:57:16.349180+02:00,3418.159614,3418.159614,84.91,150.0,XPAR
2019-10-01 09:57:26.916837+02:00,3428.727271,3428.727271,84.94,150.0,XPAR
2019-10-01 09:57:26.917027+02:00,3428.727461,3428.727461,84.94,59.0,XPAR
2019-10-01 09:57:29.096437+02:00,3430.906871,3430.906871,84.93,13.0,XPAR
2019-10-01 09:57:29.096437+02:00,3430.906871,3430.906872,84.93,15.0,XPAR
2019-10-01 09:57:29.096437+02:00,3430.906871,3430.9068730000004,84.94,159.0,XPAR
2019-10-01 09:57:29.096437+02:00,3430.906871,3430.9068740000002,84.94,100.0,XPAR
2019-10-01 09:57:30.301264+02:00,3432.111698,3432.111698,84.93,95.0,XPAR
2019-10-01 09:57:31.238299+02:00,3433.048733,3433.048733,84.92,59.0,XPAR
2019-10-01 09:57:31.238299+02:00,3433.048733,3433.048734,84.92,150.0,XPAR
2019-10-01 09:57:31.238299+02:00,3433.048733,3433.0487350000003,84.92,100.0,XPAR
2019-10-01 09:57:31.239489+02:00,3433.049923,3433.049923,84.92,55.0,XPAR
2019-10-01 09:57:31.241562+02:00,3433.051996,3433.051996,84.91,59.0,XPAR
2019-10-01 09:57:31.322426+02:00,3433.13286,3433.13286,84.9,59.0,XPAR
2019-10-01 09:57:31.322426+02:00,3433.13286,3433.132861,84.9,77.0,XPAR
2019-10-01 09:57:34.302697+02:00,3436.113131,3436.113131,84.92,150.0,XPAR
2019-10-01 09:57:38.009552+02:00,3439.819986,3439.819986,84.91,89.0,XPAR
2019-10-01 09:57:38.009616+02:00,3439.82005,3439.82005,84.91,150.0,XPAR
2019-10-01 09:57:38.011239+02:00,3439.821673,3439.821673,84.91,11.0,XPAR
2019-10-01 09:57:48.592346+02:00,3450.40278,3450.40278,84.91,59.0,XPAR
2019-10-01 09:57:48.592412+02:00,3450.402846,3450.402846,84.9,75.0,XPAR
2019-10-01 09:57:48.592412+02:00,3450.402846,3450.402847,84.9,59.0,XPAR
2019-10-01 09:57:48.592412+02:00,3450.402846,3450.402848,84.9,52.0,XPAR
2019-10-01 09:57:48.592412+02:00,3450.402846,3450.402849,84.9,150.0,XPAR
2019-10-01 09:57:48.592412+02:00,3450.402846,3450.40285,84.9,159.0,XPAR
2019-10-01 09:57:48.592412+02:00,3450.402846,3450.402851,84.9,78.0,XPAR
2019-10-01 09:57:48.597852+02:00,3450.408286,3450.408286,84.9,3.0,XPAR
2019-10-01 09:57:49.682313+02:00,3451.492747,3451.492747,84.89,59.0,XPAR
2019-10-01 09:57:49.715552+02:00,3451.525986,3451.525986,84.88,59.0,XPAR
2019-10-01 09:58:10.366811+02:00,3472.177245,3472.177245,84.88,24.0,XPAR
2019-10-01 09:58:10.366811+02:00,3472.177245,3472.1772459999997,84.88,183.0,XPAR
2019-10-01 09:58:10.380403+02:00,3472.190837,3472.190837,84.89,150.0,XPAR
2019-10-01 09:58:10.460288+02:00,3472.270722,3472.270722,84.89,150.0,XPAR
2019-10-01 09:58:10.775696+02:00,3472.58613,3472.58613,84.9,136.0,XPAR
2019-10-01 09:58:16.594738+02:00,3478.405172,3478.405172,84.93,50.0,XPAR
2019-10-01 09:58:16.605217+02:00,3478.415651,3478.415651,84.93,50.0,XPAR
2019-10-01 09:58:16.605297+02:00,3478.415731,3478.415731,84.93,50.0,XPAR
2019-10-01 09:58:51.090710+02:00,3512.901144,3512.901144,84.9,150.0,XPAR
2019-10-01 09:58:51.090710+02:00,3512.901144,3512.901145,84.9,174.0,XPAR
2019-10-01 09:58:51.090710+02:00,3512.901144,3512.901146,84.9,119.0,XPAR
2019-10-01 09:58:51.091369+02:00,3512.901803,3512.901803,84.89,150.0,XPAR
2019-10-01 09:58:51.091369+02:00,3512.901803,3512.901804,84.89,33.0,XPAR
2019-10-01 09:58:51.091435+02:00,3512.901869,3512.901869,84.89,137.0,XPAR
2019-10-01 09:58:53.144055+02:00,3514.954489,3514.954489,84.86,14.0,XPAR
2019-10-01 10:00:12.649658+02:00,3594.460092,3594.460092,84.88,66.0,XPAR
2019-10-01 10:00:16.255202+02:00,3598.065636,3598.065636,84.9,150.0,XPAR
2019-10-01 10:00:16.255202+02:00,3598.065636,3598.0656369999997,84.9,21.0,XPAR
2019-10-01 10:00:16.255202+02:00,3598.065636,3598.065638,84.9,100.0,XPAR
2019-10-01 10:00:17.954531+02:00,3599.764965,3599.764965,84.89,1.0,XPAR
2019-10-01 10:00:24.516359+02:00,3606.326793,3606.326793,84.87,100.0,XPAR
2019-10-01 10:00:24.516359+02:00,3606.326793,3606.326794,84.87,76.0,XPAR
2019-10-01 10:00:26.577158+02:00,3608.387592,3608.387592,84.85,31.0,XPAR
2019-10-01 10:00:26.577158+02:00,3608.387592,3608.387593,84.85,70.0,XPAR
2019-10-01 10:00:27.147646+02:00,3608.95808,3608.95808,84.84,165.0,XPAR
2019-10-01 10:00:49.138532+02:00,3630.948966,3630.948966,84.83,14.0,XPAR
2019-10-01 10:00:49.138853+02:00,3630.949287,3630.949287,84.82,182.0,XPAR
2019-10-01 10:00:49.138853+02:00,3630.949287,3630.949288,84.82,17.0,XPAR
2019-10-01 10:00:49.140383+02:00,3630.950817,3630.950817,84.82,48.0,XPAR
2019-10-01 10:00:49.210757+02:00,3631.021191,3631.021191,84.81,13.0,XPAR
2019-10-01 10:00:49.210963+02:00,3631.021397,3631.021397,84.8,11.0,XPAR
2019-10-01 10:00:49.408912+02:00,3631.219346,3631.219346,84.81,100.0,XPAR
2019-10-01 10:00:50.941235+02:00,3632.751669,3632.751669,84.81,14.0,XPAR
2019-10-01 10:00:51.015979+02:00,3632.826413,3632.826413,84.78,56.0,XPAR
2019-10-01 10:01:00.045660+02:00,3641.856094,3641.856094,84.79,100.0,XPAR
2019-10-01 10:01:00.046433+02:00,3641.856867,3641.856867,84.78,200.0,XPAR
2019-10-01 10:01:00.046433+02:00,3641.856867,3641.856868,84.78,179.0,XPAR
2019-10-01 10:01:01.000924+02:00,3642.811358,3642.811358,84.78,150.0,XPAR
2019-10-01 10:01:01.030315+02:00,3642.840749,3642.840749,84.78,44.0,XPAR
2019-10-01 10:01:02.545814+02:00,3644.356248,3644.356248,84.78,106.0,XPAR
2019-10-01 10:01:05.578486+02:00,3647.38892,3647.38892,84.77,15.0,XPAR
2019-10-01 10:01:05.578551+02:00,3647.388985,3647.388985,84.77,80.0,XPAR
2019-10-01 10:01:05.578551+02:00,3647.388985,3647.388986,84.77,150.0,XPAR
2019-10-01 10:01:08.100350+02:00,3649.910784,3649.910784,84.76,150.0,XPAR
2019-10-01 10:01:08.100350+02:00,3649.910784,3649.910785,84.76,59.0,XPAR
2019-10-01 10:01:14.605715+02:00,3656.416149,3656.416149,84.75,11.0,XPAR
2019-10-01 10:01:14.605715+02:00,3656.416149,3656.41615,84.75,84.0,XPAR
2019-10-01 10:01:14.605715+02:00,3656.416149,3656.4161510000004,84.75,100.0,XPAR
2019-10-01 10:01:14.606361+02:00,3656.416795,3656.416795,84.74,150.0,XPAR
2019-10-01 10:01:17.478480+02:00,3659.288914,3659.288914,84.73,53.0,XPAR
2019-10-01 10:01:17.478480+02:00,3659.288914,3659.288915,84.73,11.0,XPAR
2019-10-01 10:01:17.478480+02:00,3659.288914,3659.2889160000004,84.73,16.0,XPAR
2019-10-01 10:01:17.744672+02:00,3659.555106,3659.555106,84.72,76.0,XPAR
2019-10-01 10:01:17.744755+02:00,3659.555189,3659.555189,84.72,74.0,XPAR
2019-10-01 10:01:26.030649+02:00,3667.841083,3667.841083,84.73,48.0,XPAR
2019-10-01 10:01:26.030736+02:00,3667.84117,3667.84117,84.73,83.0,XPAR
2019-10-01 10:01:29.127143+02:00,3670.937577,3670.937577,84.71,9.0,XPAR
2019-10-01 10:01:29.127143+02:00,3670.937577,3670.937578,84.71,33.0,XPAR
2019-10-01 10:01:29.127143+02:00,3670.937577,3670.9375790000004,84.71,10.0,XPAR
2019-10-01 10:01:29.127143+02:00,3670.937577,3670.9375800000003,84.71,13.0,XPAR
2019-10-01 10:01:29.127229+02:00,3670.937663,3670.937663,84.71,15.0,XPAR
2019-10-01 10:01:33.785979+02:00,3675.596413,3675.596413,84.7,12.0,XPAR
2019-10-01 10:01:33.785979+02:00,3675.596413,3675.596414,84.7,13.0,XPAR
2019-10-01 10:02:02.081055+02:00,3703.891489,3703.891489,84.69,8.0,XPAR
2019-10-01 10:02:07.294968+02:00,3709.105402,3709.105402,84.68,12.0,XPAR
2019-10-01 10:02:17.178227+02:00,3718.988661,3718.988661,84.68,150.0,XPAR
2019-10-01 10:02:17.179000+02:00,3718.989434,3718.989434,84.67,19.0,XPAR
2019-10-01 10:02:17.179000+02:00,3718.989434,3718.989435,84.67,12.0,XPAR
2019-10-01 10:02:17.179000+02:00,3718.989434,3718.9894360000003,84.67,162.0,XPAR
2019-10-01 10:02:17.179000+02:00,3718.989434,3718.989437,84.67,60.0,XPAR
2019-10-01 10:02:17.181002+02:00,3718.991436,3718.991436,84.66,9.0,XPAR
2019-10-01 10:02:17.181083+02:00,3718.991517,3718.991517,84.66,164.0,XPAR
2019-10-01 10:02:17.181083+02:00,3718.991517,3718.991518,84.66,66.0,XPAR
2019-10-01 10:02:17.658865+02:00,3719.469299,3719.469299,84.65,173.0,XPAR
2019-10-01 10:02:17.658865+02:00,3719.469299,3719.4692999999997,84.65,108.0,XPAR
2019-10-01 10:02:17.659217+02:00,3719.469651,3719.469651,84.64,162.0,XPAR
2019-10-01 10:02:17.659217+02:00,3719.469651,3719.4696519999998,84.64,32.0,XPAR
2019-10-01 10:02:19.915147+02:00,3721.725581,3721.725581,84.64,150.0,XPAR
2019-10-01 10:02:19.915199+02:00,3721.725633,3721.725633,84.63,162.0,XPAR
2019-10-01 10:02:19.915199+02:00,3721.725633,3721.725634,84.63,39.0,XPAR
2019-10-01 10:02:19.918075+02:00,3721.728509,3721.728509,84.62,9.0,XPAR
2019-10-01 10:02:19.918075+02:00,3721.728509,3721.72851,84.62,15.0,XPAR
2019-10-01 10:02:20.051758+02:00,3721.862192,3721.862192,84.61,23.0,XPAR
2019-10-01 10:02:20.051758+02:00,3721.862192,3721.862193,84.61,21.0,XPAR
2019-10-01 10:02:20.051874+02:00,3721.862308,3721.862308,84.61,129.0,XPAR
2019-10-01 10:02:20.053734+02:00,3721.864168,3721.864168,84.61,28.0,XPAR
2019-10-01 10:02:20.116585+02:00,3721.927019,3721.927019,84.6,50.0,XPAR
2019-10-01 10:02:20.120310+02:00,3721.930744,3721.930744,84.6,11.0,XPAR
2019-10-01 10:02:20.120310+02:00,3721.930744,3721.9307449999997,84.6,35.0,XPAR
2019-10-01 10:02:20.183894+02:00,3721.994328,3721.994328,84.6,8.0,XPAR
2019-10-01 10:02:20.248755+02:00,3722.059189,3722.059189,84.6,8.0,XPAR
2019-10-01 10:02:21.273056+02:00,3723.08349,3723.08349,84.62,13.0,XPAR
2019-10-01 10:02:21.273056+02:00,3723.08349,3723.083491,84.61,66.0,XPAR
2019-10-01 10:02:21.343955+02:00,3723.154389,3723.154389,84.61,27.0,XPAR
2019-10-01 10:02:21.409627+02:00,3723.220061,3723.220061,84.61,27.0,XPAR
2019-10-01 10:02:21.409627+02:00,3723.220061,3723.220062,84.61,21.0,XPAR
2019-10-01 10:02:21.474828+02:00,3723.285262,3723.285262,84.61,27.0,XPAR
2019-10-01 10:02:21.474828+02:00,3723.285262,3723.2852629999998,84.61,21.0,XPAR
2019-10-01 10:02:21.538596+02:00,3723.34903,3723.34903,84.61,21.0,XPAR
2019-10-01 10:02:21.538596+02:00,3723.34903,3723.3490309999997,84.61,19.0,XPAR
2019-10-01 10:02:21.538596+02:00,3723.34903,3723.349032,84.61,10.0,XPAR
2019-10-01 10:02:37.511055+02:00,3739.321489,3739.321489,84.64,33.0,XPAR
2019-10-01 10:02:37.511130+02:00,3739.321564,3739.321564,84.64,42.0,XPAR
2019-10-01 10:02:37.511130+02:00,3739.321564,3739.3215649999997,84.64,74.0,XPAR
2019-10-01 10:02:37.905537+02:00,3739.715971,3739.715971,84.65,10.0,XPAR
2019-10-01 10:02:39.594692+02:00,3741.405126,3741.405126,84.66,150.0,XPAR
2019-10-01 10:02:39.594692+02:00,3741.405126,3741.405127,84.66,9.0,XPAR
2019-10-01 10:02:39.596771+02:00,3741.407205,3741.407205,84.66,21.0,XPAR
2019-10-01 10:02:53.050512+02:00,3754.860946,3754.860946,84.64,111.0,XPAR
2019-10-01 10:02:53.050512+02:00,3754.860946,3754.8609469999997,84.63,67.0,XPAR
2019-10-01 10:02:53.051204+02:00,3754.861638,3754.861638,84.64,70.0,XPAR
2019-10-01 10:03:23.180759+02:00,3784.991193,3784.991193,84.68,10.0,XPAR
2019-10-01 10:03:23.180851+02:00,3784.991285,3784.991285,84.68,140.0,XPAR
2019-10-01 10:03:26.272909+02:00,3788.083343,3788.083343,84.67,2.0,XPAR
2019-10-01 10:03:26.272995+02:00,3788.083429,3788.083429,84.67,61.0,XPAR
2019-10-01 10:03:36.252435+02:00,3798.062869,3798.062869,84.68,18.0,XPAR
2019-10-01 10:03:36.252510+02:00,3798.062944,3798.062944,84.68,25.0,XPAR
2019-10-01 10:03:36.252510+02:00,3798.062944,3798.0629449999997,84.68,10.0,XPAR
2019-10-01 10:03:36.252510+02:00,3798.062944,3798.062946,84.68,72.0,XPAR
2019-10-01 10:03:36.356297+02:00,3798.166731,3798.166731,84.66,18.0,XPAR
2019-10-01 10:03:36.357515+02:00,3798.167949,3798.167949,84.66,60.0,XPAR
2019-10-01 10:03:36.577151+02:00,3798.387585,3798.387585,84.65,29.0,XPAR
2019-10-01 10:03:36.987522+02:00,3798.797956,3798.797956,84.65,28.0,XPAR
2019-10-01 10:03:37.666329+02:00,3799.476763,3799.476763,84.64,37.0,XPAR
2019-10-01 10:03:38.314466+02:00,3800.1249,3800.1249,84.64,29.0,XPAR
2019-10-01 10:03:38.641671+02:00,3800.452105,3800.452105,84.64,49.0,XPAR
2019-10-01 10:03:38.969224+02:00,3800.779658,3800.779658,84.64,24.0,XPAR
2019-10-01 10:03:39.187886+02:00,3800.99832,3800.99832,84.64,44.0,XPAR
2019-10-01 10:03:39.515158+02:00,3801.325592,3801.325592,84.64,24.0,XPAR
2019-10-01 10:03:39.733458+02:00,3801.543892,3801.543892,84.64,23.0,XPAR
2019-10-01 10:03:40.388914+02:00,3802.199348,3802.199348,84.64,19.0,XPAR
2019-10-01 10:03:40.825645+02:00,3802.636079,3802.636079,84.64,45.0,XPAR
2019-10-01 10:03:41.262253+02:00,3803.072687,3803.072687,84.64,50.0,XPAR
2019-10-01 10:03:41.589546+02:00,3803.39998,3803.39998,84.64,29.0,XPAR
2019-10-01 10:03:42.028498+02:00,3803.838932,3803.838932,84.64,25.0,XPAR
2019-10-01 10:03:42.572396+02:00,3804.38283,3804.38283,84.64,21.0,XPAR
2019-10-01 10:03:42.791028+02:00,3804.601462,3804.601462,84.64,22.0,XPAR
2019-10-01 10:03:43.227757+02:00,3805.038191,3805.038191,84.64,47.0,XPAR
2019-10-01 10:03:43.992297+02:00,3805.802731,3805.802731,84.64,19.0,XPAR
2019-10-01 10:03:44.428656+02:00,3806.23909,3806.23909,84.64,22.0,XPAR
2019-10-01 10:03:44.428656+02:00,3806.23909,3806.239091,84.64,9.0,XPAR
2019-10-01 10:03:44.428736+02:00,3806.23917,3806.23917,84.64,135.0,XPAR
2019-10-01 10:03:44.756592+02:00,3806.567026,3806.567026,84.62,18.0,XPAR
2019-10-01 10:03:45.302484+02:00,3807.112918,3807.112918,84.62,24.0,XPAR
2019-10-01 10:03:45.630018+02:00,3807.440452,3807.440452,84.62,30.0,XPAR
2019-10-01 10:03:45.957572+02:00,3807.768006,3807.768006,84.62,30.0,XPAR
2019-10-01 10:03:46.284945+02:00,3808.095379,3808.095379,84.62,43.0,XPAR
2019-10-01 10:03:46.722055+02:00,3808.532489,3808.532489,84.62,22.0,XPAR
2019-10-01 10:03:47.268269+02:00,3809.078703,3809.078703,84.62,18.0,XPAR
2019-10-01 10:03:47.486961+02:00,3809.297395,3809.297395,84.62,22.0,XPAR
2019-10-01 10:03:47.816211+02:00,3809.626645,3809.626645,84.62,22.0,XPAR
2019-10-01 10:03:49.452791+02:00,3811.263225,3811.263225,84.64,2.0,XPAR
2019-10-01 10:04:09.356138+02:00,3831.166572,3831.166572,84.64,60.0,XPAR
2019-10-01 10:04:09.356138+02:00,3831.166572,3831.166573,84.64,100.0,XPAR
2019-10-01 10:05:05.783779+02:00,3887.594213,3887.594213,84.63,30.0,XPAR
2019-10-01 10:05:11.567185+02:00,3893.377619,3893.377619,84.63,214.0,XPAR
2019-10-01 10:05:29.714897+02:00,3911.525331,3911.525331,84.6,20.0,XPAR
2019-10-01 10:05:29.715950+02:00,3911.526384,3911.526384,84.59,169.0,XPAR
2019-10-01 10:05:29.715950+02:00,3911.526384,3911.5263849999997,84.59,7.0,XPAR
2019-10-01 10:05:29.715950+02:00,3911.526384,3911.526386,84.59,20.0,XPAR
2019-10-01 10:05:29.784391+02:00,3911.594825,3911.594825,84.6,50.0,XPAR
2019-10-01 10:05:46.490627+02:00,3928.301061,3928.301061,84.59,73.0,XPAR
2019-10-01 10:05:47.502515+02:00,3929.312949,3929.312949,84.58,10.0,XPAR
2019-10-01 10:05:47.502515+02:00,3929.312949,3929.31295,84.58,50.0,XPAR
2019-10-01 10:05:48.630185+02:00,3930.440619,3930.440619,84.57,12.0,XPAR
2019-10-01 10:05:51.949944+02:00,3933.760378,3933.760378,84.59,100.0,XPAR
2019-10-01 10:05:51.950181+02:00,3933.760615,3933.760615,84.59,30.0,XPAR
2019-10-01 10:05:58.242145+02:00,3940.052579,3940.052579,84.6,150.0,XPAR
2019-10-01 10:06:03.471171+02:00,3945.281605,3945.281605,84.59,110.0,XPAR
2019-10-01 10:06:03.538471+02:00,3945.348905,3945.348905,84.58,54.0,XPAR
2019-10-01 10:06:03.538471+02:00,3945.348905,3945.3489059999997,84.58,225.0,XPAR
2019-10-01 10:06:12.980305+02:00,3954.790739,3954.790739,84.57,100.0,XPAR
2019-10-01 10:06:12.980305+02:00,3954.790739,3954.79074,84.57,150.0,XPAR
2019-10-01 10:06:20.111273+02:00,3961.921707,3961.921707,84.58,100.0,XPAR
2019-10-01 10:06:42.378006+02:00,3984.18844,3984.18844,84.58,3.0,XPAR
2019-10-01 10:06:52.594091+02:00,3994.404525,3994.404525,84.59,88.0,XPAR
2019-10-01 10:06:52.594261+02:00,3994.404695,3994.404695,84.59,12.0,XPAR
2019-10-01 10:07:22.149321+02:00,4023.959755,4023.959755,84.57,33.0,XPAR
2019-10-01 10:07:22.149321+02:00,4023.959755,4023.9597559999997,84.57,100.0,XPAR
2019-10-01 10:07:22.149730+02:00,4023.960164,4023.960164,84.57,17.0,XPAR
2019-10-01 10:07:22.149730+02:00,4023.960164,4023.960165,84.57,117.0,XPAR
2019-10-01 10:07:22.149887+02:00,4023.960321,4023.960321,84.57,42.0,XPAR
2019-10-01 10:07:22.149887+02:00,4023.960321,4023.960322,84.57,79.0,XPAR
2019-10-01 10:07:22.149887+02:00,4023.960321,4023.9603230000002,84.57,168.0,XPAR
2019-10-01 10:07:22.152741+02:00,4023.963175,4023.963175,84.56,13.0,XPAR
2019-10-01 10:07:22.152741+02:00,4023.963175,4023.9631759999997,84.56,72.0,XPAR
2019-10-01 10:07:22.152741+02:00,4023.963175,4023.963177,84.56,181.0,XPAR
2019-10-01 10:07:22.166345+02:00,4023.976779,4023.976779,84.55,66.0,XPAR
2019-10-01 10:07:22.166345+02:00,4023.976779,4023.97678,84.55,6.0,XPAR
2019-10-01 10:07:33.759803+02:00,4035.570237,4035.570237,84.57,74.0,XPAR
2019-10-01 10:07:47.950508+02:00,4049.760942,4049.760942,84.54,16.0,XPAR
2019-10-01 10:07:49.922233+02:00,4051.732667,4051.732667,84.53,203.0,XPAR
2019-10-01 10:08:00.017399+02:00,4061.827833,4061.827833,84.53,113.0,XPAR
2019-10-01 10:08:00.017518+02:00,4061.827952,4061.827952,84.53,113.0,XPAR
2019-10-01 10:08:00.026660+02:00,4061.837094,4061.837094,84.53,39.0,XPAR
2019-10-01 10:08:06.378421+02:00,4068.188855,4068.188855,84.51,8.0,XPAR
2019-10-01 10:08:06.378421+02:00,4068.188855,4068.1888559999998,84.5,23.0,XPAR
2019-10-01 10:08:06.378660+02:00,4068.189094,4068.189094,84.49,48.0,XPAR
2019-10-01 10:08:06.378660+02:00,4068.189094,4068.1890949999997,84.49,150.0,XPAR
2019-10-01 10:08:06.378660+02:00,4068.189094,4068.189096,84.49,42.0,XPAR
2019-10-01 10:08:06.381258+02:00,4068.191692,4068.191692,84.48,178.0,XPAR
2019-10-01 10:08:08.386997+02:00,4070.197431,4070.197431,84.49,35.0,XPAR
2019-10-01 10:08:08.386997+02:00,4070.197431,4070.197432,84.49,150.0,XPAR
2019-10-01 10:08:29.661574+02:00,4091.472008,4091.472008,84.5,42.0,XPAR
2019-10-01 10:08:56.013025+02:00,4117.823459,4117.823459,84.49,30.0,XPAR
2019-10-01 10:09:02.084995+02:00,4123.895429,4123.895429,84.46,22.0,XPAR
2019-10-01 10:09:23.843559+02:00,4145.653993,4145.653993,84.47,150.0,XPAR
2019-10-01 10:09:23.843559+02:00,4145.653993,4145.653994,84.46,14.0,XPAR
2019-10-01 10:09:23.843889+02:00,4145.654323,4145.654323,84.46,45.0,XPAR
2019-10-01 10:09:23.844825+02:00,4145.655259,4145.655259,84.46,72.0,XPAR
2019-10-01 10:09:58.649359+02:00,4180.459793,4180.459793,84.5,167.0,XPAR
2019-10-01 10:09:58.649417+02:00,4180.459851,4180.459851,84.5,32.0,XPAR
2019-10-01 10:09:58.848867+02:00,4180.659301,4180.659301,84.49,62.0,XPAR
2019-10-01 10:10:47.782339+02:00,4229.592773,4229.592773,84.49,22.0,XPAR
2019-10-01 10:10:47.783452+02:00,4229.593886,4229.593886,84.49,128.0,XPAR
2019-10-01 10:10:47.783452+02:00,4229.593886,4229.593887,84.49,150.0,XPAR
2019-10-01 10:10:58.468644+02:00,4240.279078,4240.279078,84.5,58.0,XPAR
2019-10-01 10:11:16.250545+02:00,4258.060979,4258.060979,84.54,75.0,XPAR
2019-10-01 10:11:52.162906+02:00,4293.97334,4293.97334,84.57,100.0,XPAR
2019-10-01 10:11:52.162906+02:00,4293.97334,4293.973341,84.57,68.0,XPAR
2019-10-01 10:11:52.162906+02:00,4293.97334,4293.973341999999,84.57,150.0,XPAR
2019-10-01 10:11:52.165740+02:00,4293.976174,4293.976174,84.56,170.0,XPAR
2019-10-01 10:11:54.185975+02:00,4295.996409,4295.996409,84.57,98.0,XPAR
2019-10-01 10:11:58.549791+02:00,4300.360225,4300.360225,84.55,100.0,XPAR
2019-10-01 10:11:58.549872+02:00,4300.360306,4300.360306,84.55,60.0,XPAR
2019-10-01 10:11:58.549872+02:00,4300.360306,4300.360307,84.55,150.0,XPAR
2019-10-01 10:11:58.549872+02:00,4300.360306,4300.360307999999,84.55,100.0,XPAR
2019-10-01 10:12:09.283164+02:00,4311.093598,4311.093598,84.58,150.0,XPAR
2019-10-01 10:12:09.283474+02:00,4311.093908,4311.093908,84.58,150.0,XPAR
2019-10-01 10:12:09.287458+02:00,4311.097892,4311.097892,84.58,128.0,XPAR
2019-10-01 10:12:09.287458+02:00,4311.097892,4311.097893,84.58,22.0,XPAR
2019-10-01 10:13:19.603847+02:00,4381.414281,4381.414281,84.61,30.0,XPAR
2019-10-01 10:14:03.426585+02:00,4425.237019,4425.237019,84.62,48.0,XPAR
2019-10-01 10:14:25.897861+02:00,4447.708295,4447.708295,84.61,150.0,XPAR
2019-10-01 10:14:25.899858+02:00,4447.710292,4447.710292,84.61,56.0,XPAR
2019-10-01 10:15:04.078782+02:00,4485.889216,4485.889216,84.6,148.0,XPAR
2019-10-01 10:15:04.149858+02:00,4485.960292,4485.960292,84.58,22.0,XPAR
2019-10-01 10:15:06.676097+02:00,4488.486531,4488.486531,84.59,38.0,XPAR
2019-10-01 10:15:13.185271+02:00,4494.995705,4494.995705,84.59,54.0,XPAR
2019-10-01 10:15:15.301935+02:00,4497.112369,4497.112369,84.58,35.0,XPAR
2019-10-01 10:16:11.916667+02:00,4553.727101,4553.727101,84.6,47.0,XPAR
2019-10-01 10:16:11.918267+02:00,4553.728701,4553.728701,84.6,103.0,XPAR
2019-10-01 10:16:11.944385+02:00,4553.754819,4553.754819,84.6,311.0,XPAR
2019-10-01 10:16:58.706707+02:00,4600.517141,4600.517141,84.62,20.0,XPAR
2019-10-01 10:17:12.021810+02:00,4613.832244,4613.832244,84.61,53.0,XPAR
2019-10-01 10:17:22.716847+02:00,4624.527281,4624.527281,84.62,25.0,XPAR
2019-10-01 10:17:22.718002+02:00,4624.528436,4624.528436,84.62,125.0,XPAR
2019-10-01 10:17:22.718002+02:00,4624.528436,4624.528437,84.62,100.0,XPAR
2019-10-01 10:17:24.721072+02:00,4626.531506,4626.531506,84.61,114.0,XPAR
2019-10-01 10:17:51.889386+02:00,4653.69982,4653.69982,84.65,150.0,XPAR
2019-10-01 10:18:08.784025+02:00,4670.594459,4670.594459,84.66,25.0,XPAR
2019-10-01 10:18:43.203727+02:00,4705.014161,4705.014161,84.67,66.0,XPAR
2019-10-01 10:18:43.204814+02:00,4705.015248,4705.015248,84.66,100.0,XPAR
2019-10-01 10:18:43.205827+02:00,4705.016261,4705.016261,84.66,48.0,XPAR
2019-10-01 10:19:11.779007+02:00,4733.589441,4733.589441,84.67,150.0,XPAR
2019-10-01 10:19:11.779007+02:00,4733.589441,4733.589442,84.67,57.0,XPAR
2019-10-01 10:19:20.321558+02:00,4742.131992,4742.131992,84.66,60.0,XPAR
2019-10-01 10:19:20.321558+02:00,4742.131992,4742.131993,84.66,14.0,XPAR
2019-10-01 10:19:20.322467+02:00,4742.132901,4742.132901,84.66,60.0,XPAR
2019-10-01 10:19:33.619292+02:00,4755.429726,4755.429726,84.67,150.0,XPAR
2019-10-01 10:19:45.170928+02:00,4766.981362,4766.981362,84.66,7.0,XPAR
2019-10-01 10:20:06.238661+02:00,4788.049095,4788.049095,84.65,36.0,XPAR
2019-10-01 10:20:12.729671+02:00,4794.540105,4794.540105,84.64,86.0,XPAR
2019-10-01 10:20:28.279435+02:00,4810.089869,4810.089869,84.68,24.0,XPAR
2019-10-01 10:20:28.291438+02:00,4810.101872,4810.101872,84.67,24.0,XPAR
2019-10-01 10:20:28.298331+02:00,4810.108765,4810.108765,84.67,95.0,XPAR
2019-10-01 10:20:28.298331+02:00,4810.108765,4810.108766,84.67,69.0,XPAR
2019-10-01 10:21:05.525743+02:00,4847.336177,4847.336177,84.67,20.0,XPAR
2019-10-01 10:21:07.941930+02:00,4849.752364,4849.752364,84.7,42.0,XPAR
2019-10-01 10:21:07.941930+02:00,4849.752364,4849.752365,84.7,53.0,XPAR
2019-10-01 10:21:16.466254+02:00,4858.276688,4858.276688,84.72,63.0,XPAR
2019-10-01 10:21:34.135454+02:00,4875.945888,4875.945888,84.71,49.0,XPAR
2019-10-01 10:21:34.137161+02:00,4875.947595,4875.947595,84.7,51.0,XPAR
2019-10-01 10:22:05.041383+02:00,4906.851817,4906.851817,84.67,31.0,XPAR
2019-10-01 10:22:10.030791+02:00,4911.841225,4911.841225,84.66,33.0,XPAR
2019-10-01 10:22:31.704857+02:00,4933.515291,4933.515291,84.67,12.0,XPAR
2019-10-01 10:22:31.704857+02:00,4933.515291,4933.515292,84.67,100.0,XPAR
2019-10-01 10:22:31.705945+02:00,4933.516379,4933.516379,84.67,138.0,XPAR
2019-10-01 10:22:38.258743+02:00,4940.069177,4940.069177,84.66,150.0,XPAR
2019-10-01 10:22:52.214456+02:00,4954.02489,4954.02489,84.65,150.0,XPAR
2019-10-01 10:22:52.214456+02:00,4954.02489,4954.024891,84.65,52.0,XPAR
2019-10-01 10:23:47.588955+02:00,5009.399389,5009.399389,84.74,54.0,XPAR
2019-10-01 10:23:48.480529+02:00,5010.290963,5010.290963,84.74,25.0,XPAR
2019-10-01 10:23:50.591870+02:00,5012.402304,5012.402304,84.74,80.0,XPAR
2019-10-01 10:23:50.591870+02:00,5012.402304,5012.4023050000005,84.74,100.0,XPAR
2019-10-01 10:24:42.233389+02:00,5064.043823,5064.043823,84.73,72.0,XPAR
2019-10-01 10:24:42.233389+02:00,5064.043823,5064.043824,84.73,42.0,XPAR
2019-10-01 10:24:42.233389+02:00,5064.043823,5064.043825,84.73,150.0,XPAR
2019-10-01 10:24:42.236223+02:00,5064.046657,5064.046657,84.72,40.0,XPAR
2019-10-01 10:25:03.738927+02:00,5085.549361,5085.549361,84.7,103.0,XPAR
2019-10-01 10:25:36.972057+02:00,5118.782491,5118.782491,84.68,8.0,XPAR
2019-10-01 10:25:36.972277+02:00,5118.782711,5118.782711,84.67,100.0,XPAR
2019-10-01 10:25:36.972277+02:00,5118.782711,5118.782712,84.67,39.0,XPAR
2019-10-01 10:25:36.972277+02:00,5118.782711,5118.782713,84.67,69.0,XPAR
2019-10-01 10:25:36.972277+02:00,5118.782711,5118.782714,84.67,12.0,XPAR
2019-10-01 10:25:36.972277+02:00,5118.782711,5118.782715,84.67,168.0,XPAR
2019-10-01 10:25:44.891394+02:00,5126.701828,5126.701828,84.66,150.0,XPAR
2019-10-01 10:26:01.269467+02:00,5143.079901,5143.079901,84.68,49.0,XPAR
2019-10-01 10:27:06.904939+02:00,5208.715373,5208.715373,84.7,72.0,XPAR
2019-10-01 10:27:06.904939+02:00,5208.715373,5208.715374,84.7,72.0,XPAR
2019-10-01 10:27:09.802110+02:00,5211.612544,5211.612544,84.69,150.0,XPAR
2019-10-01 10:27:09.802110+02:00,5211.612544,5211.612545,84.69,100.0,XPAR
2019-10-01 10:27:42.954055+02:00,5244.764489,5244.764489,84.68,2.0,XPAR
2019-10-01 10:27:42.954106+02:00,5244.76454,5244.76454,84.68,148.0,XPAR
2019-10-01 10:27:53.441957+02:00,5255.252391,5255.252391,84.7,30.0,XPAR
2019-10-01 10:27:53.441957+02:00,5255.252391,5255.252392,84.69,20.0,XPAR
2019-10-01 10:27:53.514946+02:00,5255.32538,5255.32538,84.7,29.0,XPAR
2019-10-01 10:29:19.271311+02:00,5341.081745,5341.081745,84.68,135.0,XPAR
2019-10-01 10:29:27.010436+02:00,5348.82087,5348.82087,84.67,12.0,XPAR
2019-10-01 10:29:27.010530+02:00,5348.820964,5348.820964,84.67,138.0,XPAR
2019-10-01 10:29:27.010530+02:00,5348.820964,5348.820965,84.67,35.0,XPAR
2019-10-01 10:30:02.992638+02:00,5384.803072,5384.803072,84.66,30.0,XPAR
2019-10-01 10:30:03.260886+02:00,5385.07132,5385.07132,84.65,10.0,XPAR
2019-10-01 10:30:07.382729+02:00,5389.193163,5389.193163,84.64,44.0,XPAR
2019-10-01 10:30:07.932693+02:00,5389.743127,5389.743127,84.63,13.0,XPAR
2019-10-01 10:30:07.932693+02:00,5389.743127,5389.743128,84.63,22.0,XPAR
2019-10-01 10:30:07.932693+02:00,5389.743127,5389.7431289999995,84.63,119.0,XPAR
2019-10-01 10:30:18.807258+02:00,5400.617692,5400.617692,84.63,19.0,XPAR
2019-10-01 10:30:18.807351+02:00,5400.617785,5400.617785,84.63,131.0,XPAR
2019-10-01 10:30:39.169391+02:00,5420.979825,5420.979825,84.63,29.0,XPAR
2019-10-01 10:30:39.169391+02:00,5420.979825,5420.979826000001,84.63,150.0,XPAR
2019-10-01 10:30:39.169391+02:00,5420.979825,5420.979827,84.64,150.0,XPAR
2019-10-01 10:30:39.169391+02:00,5420.979825,5420.979828,84.63,159.0,XPAR
2019-10-01 10:30:39.169391+02:00,5420.979825,5420.979829000001,84.63,38.0,XPAR
2019-10-01 10:30:40.835066+02:00,5422.6455,5422.6455,84.62,40.0,XPAR
2019-10-01 10:31:02.379233+02:00,5444.189667,5444.189667,84.61,120.0,XPAR
2019-10-01 10:31:28.095843+02:00,5469.906277,5469.906277,84.6,72.0,XPAR
2019-10-01 10:31:28.095843+02:00,5469.906277,5469.906278,84.6,60.0,XPAR
2019-10-01 10:31:28.095843+02:00,5469.906277,5469.906279,84.6,118.0,XPAR
2019-10-01 10:31:28.095843+02:00,5469.906277,5469.90628,84.6,59.0,XPAR
2019-10-01 10:31:28.095843+02:00,5469.906277,5469.9062810000005,84.6,150.0,XPAR
2019-10-01 10:31:28.095843+02:00,5469.906277,5469.906282,84.6,171.0,XPAR
2019-10-01 10:31:28.096428+02:00,5469.906862,5469.906862,84.59,78.0,XPAR
2019-10-01 10:31:28.096463+02:00,5469.906897,5469.906897,84.59,78.0,XPAR
2019-10-01 10:31:28.096501+02:00,5469.906935,5469.906935,84.59,60.0,XPAR
2019-10-01 10:31:28.096501+02:00,5469.906935,5469.906936,84.59,175.0,XPAR
2019-10-01 10:31:28.096501+02:00,5469.906935,5469.906937,84.59,78.0,XPAR
2019-10-01 10:31:28.096501+02:00,5469.906935,5469.906938,84.59,118.0,XPAR
2019-10-01 10:31:28.096501+02:00,5469.906935,5469.906939,84.59,15.0,XPAR
2019-10-01 10:31:28.096501+02:00,5469.906935,5469.90694,84.59,10.0,XPAR
2019-10-01 10:31:28.110507+02:00,5469.920941,5469.920941,84.59,63.0,XPAR
2019-10-01 10:31:28.110597+02:00,5469.921031,5469.921031,84.59,79.0,XPAR
2019-10-01 10:31:50.982063+02:00,5492.792497,5492.792497,84.57,150.0,XPAR
2019-10-01 10:32:20.302077+02:00,5522.112511,5522.112511,84.57,150.0,XPAR
2019-10-01 10:32:20.302077+02:00,5522.112511,5522.112512000001,84.57,136.0,XPAR
2019-10-01 10:32:20.303099+02:00,5522.113533,5522.113533,84.56,30.0,XPAR
2019-10-01 10:32:20.303099+02:00,5522.113533,5522.113534,84.56,60.0,XPAR
2019-10-01 10:32:20.303099+02:00,5522.113533,5522.1135349999995,84.56,11.0,XPAR
2019-10-01 10:32:20.303099+02:00,5522.113533,5522.113536,84.56,6.0,XPAR
2019-10-01 10:32:20.303099+02:00,5522.113533,5522.113537,84.56,99.0,XPAR
2019-10-01 10:32:20.537814+02:00,5522.348248,5522.348248,84.55,25.0,XPAR
2019-10-01 10:32:32.265626+02:00,5534.07606,5534.07606,84.54,150.0,XPAR
2019-10-01 10:32:32.265626+02:00,5534.07606,5534.076061000001,84.54,50.0,XPAR
2019-10-01 10:32:32.265626+02:00,5534.07606,5534.076062,84.54,100.0,XPAR
2019-10-01 10:32:32.265626+02:00,5534.07606,5534.076063,84.54,28.0,XPAR
2019-10-01 10:32:32.265626+02:00,5534.07606,5534.076064000001,84.54,7.0,XPAR
2019-10-01 10:32:32.265626+02:00,5534.07606,5534.076065,84.54,150.0,XPAR
2019-10-01 10:32:32.265626+02:00,5534.07606,5534.0760660000005,84.54,72.0,XPAR
2019-10-01 10:32:33.824454+02:00,5535.634888,5535.634888,84.58,15.0,XPAR
2019-10-01 10:32:36.160625+02:00,5537.971059,5537.971059,84.58,52.0,XPAR
2019-10-01 10:32:36.160625+02:00,5537.971059,5537.971060000001,84.58,64.0,XPAR
2019-10-01 10:32:36.160625+02:00,5537.971059,5537.971061,84.58,150.0,XPAR
2019-10-01 10:32:36.160625+02:00,5537.971059,5537.9710620000005,84.57,100.0,XPAR
2019-10-01 10:32:36.160625+02:00,5537.971059,5537.971063000001,84.57,150.0,XPAR
2019-10-01 10:32:36.160625+02:00,5537.971059,5537.971064,84.57,69.0,XPAR
2019-10-01 10:32:36.160625+02:00,5537.971059,5537.971065000001,84.57,125.0,XPAR
2019-10-01 10:32:36.160625+02:00,5537.971059,5537.971066,84.57,100.0,XPAR
2019-10-01 10:32:36.162776+02:00,5537.97321,5537.97321,84.57,41.0,XPAR
2019-10-01 10:32:36.163329+02:00,5537.973763,5537.973763,84.57,194.0,XPAR
2019-10-01 10:32:44.002576+02:00,5545.81301,5545.81301,84.58,118.0,XPAR
2019-10-01 10:32:44.088175+02:00,5545.898609,5545.898609,84.57,128.0,XPAR
2019-10-01 10:32:44.089827+02:00,5545.900261,5545.900261,84.56,37.0,XPAR
2019-10-01 10:33:11.644298+02:00,5573.454732,5573.454732,84.53,8.0,XPAR
2019-10-01 10:33:11.645541+02:00,5573.455975,5573.455975,84.53,69.0,XPAR
2019-10-01 10:33:16.477161+02:00,5578.287595,5578.287595,84.52,6.0,XPAR
2019-10-01 10:33:16.477161+02:00,5578.287595,5578.287596,84.52,100.0,XPAR
2019-10-01 10:33:16.479469+02:00,5578.289903,5578.289903,84.52,67.0,XPAR
2019-10-01 10:33:26.426955+02:00,5588.237389,5588.237389,84.55,67.0,XPAR
2019-10-01 10:34:10.849442+02:00,5632.659876,5632.659876,84.54,71.0,XPAR
2019-10-01 10:34:10.850845+02:00,5632.661279,5632.661279,84.54,64.0,XPAR
2019-10-01 10:34:10.850845+02:00,5632.661279,5632.66128,84.54,150.0,XPAR
2019-10-01 10:35:02.811269+02:00,5684.621703,5684.621703,84.54,16.0,XPAR
2019-10-01 10:35:12.561441+02:00,5694.371875,5694.371875,84.54,100.0,XPAR
2019-10-01 10:35:12.562558+02:00,5694.372992,5694.372992,84.54,62.0,XPAR
2019-10-01 10:35:36.924145+02:00,5718.734579,5718.734579,84.54,150.0,XPAR
2019-10-01 10:35:59.604568+02:00,5741.415002,5741.415002,84.53,65.0,XPAR
2019-10-01 10:36:15.313549+02:00,5757.123983,5757.123983,84.54,88.0,XPAR
2019-10-01 10:36:38.390367+02:00,5780.200801,5780.200801,84.57,150.0,XPAR
2019-10-01 10:36:49.371364+02:00,5791.181798,5791.181798,84.58,178.0,XPAR
2019-10-01 10:37:33.306352+02:00,5835.116786,5835.116786,84.63,1607.0,XPAR
2019-10-01 10:37:33.386865+02:00,5835.197299,5835.197299,84.62,100.0,XPAR
2019-10-01 10:37:37.370668+02:00,5839.181102,5839.181102,84.63,3097.0,XPAR
2019-10-01 10:37:37.370668+02:00,5839.181102,5839.181103,84.64,150.0,XPAR
2019-10-01 10:37:38.094838+02:00,5839.905272,5839.905272,84.63,700.0,XPAR
2019-10-01 10:37:39.225980+02:00,5841.036414,5841.036414,84.63,56.0,XPAR
2019-10-01 10:37:58.300848+02:00,5860.111282,5860.111282,84.64,100.0,XPAR
2019-10-01 10:37:58.300995+02:00,5860.111429,5860.111429,84.64,505.0,XPAR
2019-10-01 10:37:59.387817+02:00,5861.198251,5861.198251,84.64,150.0,XPAR
2019-10-01 10:37:59.387817+02:00,5861.198251,5861.198252,84.64,150.0,XPAR
2019-10-01 10:38:29.659818+02:00,5891.470252,5891.470252,84.63,150.0,XPAR
2019-10-01 10:38:45.317950+02:00,5907.128384,5907.128384,84.65,16.0,XPAR
2019-10-01 10:38:45.319056+02:00,5907.12949,5907.12949,84.64,4.0,XPAR
2019-10-01 10:38:46.372813+02:00,5908.183247,5908.183247,84.64,190.0,XPAR
2019-10-01 10:39:13.663188+02:00,5935.473622,5935.473622,84.65,214.0,XPAR
2019-10-01 10:39:16.950558+02:00,5938.760992,5938.760992,84.64,150.0,XPAR
2019-10-01 10:39:17.034360+02:00,5938.844794,5938.844794,84.64,30.0,XPAR
2019-10-01 10:39:17.487103+02:00,5939.297537,5939.297537,84.63,150.0,XPAR
2019-10-01 10:40:05.399425+02:00,5987.209859,5987.209859,84.66,20.0,XPAR
2019-10-01 10:40:16.670575+02:00,5998.481009,5998.481009,84.67,41.0,XPAR
2019-10-01 10:40:16.781649+02:00,5998.592083,5998.592083,84.67,50.0,XPAR
2019-10-01 10:40:25.700305+02:00,6007.510739,6007.510739,84.67,222.0,XPAR
2019-10-01 10:40:25.705842+02:00,6007.516276,6007.516276,84.67,242.0,XPAR
2019-10-01 10:40:26.897603+02:00,6008.708037,6008.708037,84.66,150.0,XPAR
2019-10-01 10:40:36.557758+02:00,6018.368192,6018.368192,84.63,150.0,XPAR
2019-10-01 10:40:49.153455+02:00,6030.963889,6030.963889,84.64,100.0,XPAR
2019-10-01 10:40:49.153455+02:00,6030.963889,6030.96389,84.64,25.0,XPAR
2019-10-01 10:40:49.153455+02:00,6030.963889,6030.963890999999,84.64,120.0,XPAR
2019-10-01 10:40:50.156627+02:00,6031.967061,6031.967061,84.64,16.0,XPAR
2019-10-01 10:40:50.156713+02:00,6031.967147,6031.967147,84.64,29.0,XPAR
2019-10-01 10:40:50.156713+02:00,6031.967147,6031.967148000001,84.64,56.0,XPAR
2019-10-01 10:40:57.172094+02:00,6038.982528,6038.982528,84.62,56.0,XPAR
2019-10-01 10:40:57.172094+02:00,6038.982528,6038.982529,84.62,200.0,XPAR
2019-10-01 10:40:57.172171+02:00,6038.982605,6038.982605,84.61,69.0,XPAR
2019-10-01 10:40:57.172171+02:00,6038.982605,6038.9826060000005,84.61,167.0,XPAR
2019-10-01 10:40:57.172171+02:00,6038.982605,6038.982607,84.61,104.0,XPAR
2019-10-01 10:40:57.172171+02:00,6038.982605,6038.982608,84.61,60.0,XPAR
