trade_time_paris,t_seconds,t_seconds_jitter,MiFIDPrice,MiFIDQuantity,Venue
2019-10-01 09:00:18.189566+02:00,0.0,0.0,85.3,442.0,XPAR
2019-10-01 09:00:18.189566+02:00,0.0,1e-06,85.29,46.0,XPAR
2019-10-01 09:00:18.189566+02:00,0.0,2e-06,85.3,12.0,XPAR
2019-10-01 09:00:18.599244+02:00,0.409678,0.409678,85.25,239.0,XPAR
2019-10-01 09:00:18.599831+02:00,0.410265,0.410265,85.3,12.0,XPAR
2019-10-01 09:00:18.599831+02:00,0.410265,0.41026599999999996,85.3,7.0,XPAR
2019-10-01 09:00:18.599831+02:00,0.410265,0.410267,85.3,2.0,XPAR
2019-10-01 09:00:18.599831+02:00,0.410265,0.41026799999999997,85.3,93.0,XPAR
2019-10-01 09:00:18.599831+02:00,0.410265,0.410269,85.3,36.0,XPAR
2019-10-01 09:00:18.674750+02:00,0.485184,0.485184,85.3,131.0,XPAR
2019-10-01 09:00:18.674979+02:00,0.485413,0.485413,85.34,41.0,XPAR
2019-10-01 09:00:18.686307+02:00,0.496741,0.496741,85.32,101.0,XPAR
2019-10-01 09:00:18.873733+02:00,0.684167,0.684167,85.29,150.0,XPAR
2019-10-01 09:00:18.873733+02:00,0.684167,0.684168,85.3,36.0,XPAR
2019-10-01 09:00:18.875604+02:00,0.686038,0.686038,85.3,143.0,XPAR
2019-10-01 09:00:18.875604+02:00,0.686038,0.6860390000000001,85.3,179.0,XPAR
2019-10-01 09:00:18.875785+02:00,0.686219,0.686219,85.32,150.0,XPAR
2019-10-01 09:00:19.326374+02:00,1.136808,1.136808,85.32,150.0,XPAR
2019-10-01 09:00:19.327101+02:00,1.137535,1.137535,85.33,3.0,XPAR
2019-10-01 09:00:19.327101+02:00,1.137535,1.1375359999999999,85.34,150.0,XPAR
2019-10-01 09:00:19.327157+02:00,1.137591,1.137591,85.35,121.0,XPAR
2019-10-01 09:00:20.155513+02:00,1.965947,1.965947,85.31,13.0,XPAR
2019-10-01 09:00:24.726594+02:00,6.537028,6.537028,85.27,55.0,XPAR
2019-10-01 09:00:32.721341+02:00,14.531775,14.531775,85.21,3767.0,XPAR
2019-10-01 09:00:32.889330+02:00,14.699764,14.699764,85.27,144.0,XPAR
2019-10-01 09:00:32.889330+02:00,14.699764,14.699765,85.27,41.0,XPAR
2019-10-01 09:00:33.065431+02:00,14.875865,14.875865,85.27,103.0,XPAR
2019-10-01 09:00:34.960565+02:00,16.770999,16.770999,85.21,132.0,XPAR
2019-10-01 09:00:34.960565+02:00,16.770999,16.771,85.21,120.0,XPAR
2019-10-01 09:00:35.014424+02:00,16.824858,16.824858,85.21,2.0,XPAR
2019-10-01 09:00:35.042954+02:00,16.853388,16.853388,85.21,42.0,XPAR
2019-10-01 09:00:35.232093+02:00,17.042527,17.042527,85.21,78.0,XPAR
2019-10-01 09:00:35.232283+02:00,17.042717,17.042717,85.2,166.0,XPAR
2019-10-01 09:00:35.286871+02:00,17.097305,17.097305,85.2,151.0,XPAR
2019-10-01 09:00:35.286871+02:00,17.097305,17.097306,85.2,36.0,XPAR
2019-10-01 09:00:36.148193+02:00,17.958627,17.958627,85.18,27.0,XPAR
2019-10-01 09:01:20.955552+02:00,62.765986,62.765986,85.17,65.0,XPAR
2019-10-01 09:01:20.955684+02:00,62.766118,62.766118,85.18,51.0,XPAR
2019-10-01 09:01:20.955684+02:00,62.766118,62.766118999999996,85.18,37.0,XPAR
2019-10-01 09:01:20.955771+02:00,62.766205,62.766205,85.21,69.0,XPAR
2019-10-01 09:01:20.955771+02:00,62.766205,62.766206,85.2,69.0,XPAR
2019-10-01 09:01:20.955771+02:00,62.766205,62.766207,85.2,85.0,XPAR
2019-10-01 09:01:20.955771+02:00,62.766205,62.766208,85.19,150.0,XPAR
2019-10-01 09:01:20.955880+02:00,62.766314,62.766314,85.21,81.0,XPAR
2019-10-01 09:01:20.955880+02:00,62.766314,62.766315,85.21,69.0,XPAR
2019-10-01 09:01:20.955880+02:00,62.766314,62.766316,85.22,90.0,XPAR
2019-10-01 09:01:20.956128+02:00,62.766562,62.766562,85.23,150.0,XPAR
2019-10-01 09:01:20.956128+02:00,62.766562,62.766563,85.22,69.0,XPAR
2019-10-01 09:01:21.046137+02:00,62.856571,62.856571,85.24,71.0,XPAR
2019-10-01 09:01:22.445452+02:00,64.255886,64.255886,85.36,171.0,XPAR
2019-10-01 09:01:34.326581+02:00,76.137015,76.137015,85.32,95.0,XPAR
2019-10-01 09:01:34.518733+02:00,76.329167,76.329167,85.3,51.0,XPAR
2019-10-01 09:01:34.518733+02:00,76.329167,76.329168,85.3,134.0,XPAR
2019-10-01 09:01:34.670424+02:00,76.480858,76.480858,85.3,155.0,XPAR
2019-10-01 09:01:34.670424+02:00,76.480858,76.480859,85.3,109.0,XPAR
2019-10-01 09:01:34.670424+02:00,76.480858,76.48085999999999,85.3,104.0,XPAR
2019-10-01 09:01:36.336680+02:00,78.147114,78.147114,85.3,36.0,XPAR
2019-10-01 09:01:36.337633+02:00,78.148067,78.148067,85.3,18.0,XPAR
2019-10-01 09:01:36.337702+02:00,78.148136,78.148136,85.3,58.0,XPAR
2019-10-01 09:01:36.337797+02:00,78.148231,78.148231,85.3,16.0,XPAR
2019-10-01 09:01:38.409789+02:00,80.220223,80.220223,85.26,924.0,XPAR
2019-10-01 09:01:38.410707+02:00,80.221141,80.221141,85.26,935.0,XPAR
2019-10-01 09:02:08.916117+02:00,110.726551,110.726551,85.21,184.0,XPAR
2019-10-01 09:02:08.916218+02:00,110.726652,110.726652,85.21,528.0,XPAR
2019-10-01 09:02:08.916304+02:00,110.726738,110.726738,85.21,1038.0,XPAR
2019-10-01 09:03:07.480555+02:00,169.290989,169.290989,85.19,80.0,XPAR
2019-10-01 09:03:26.272125+02:00,188.082559,188.082559,85.22,2.0,XPAR
2019-10-01 09:03:26.571081+02:00,188.381515,188.381515,85.22,16.0,XPAR
2019-10-01 09:03:27.385511+02:00,189.195945,189.195945,85.25,100.0,XPAR
2019-10-01 09:03:43.024495+02:00,204.834929,204.834929,85.23,150.0,XPAR
2019-10-01 09:03:55.021700+02:00,216.832134,216.832134,85.22,234.0,XPAR
2019-10-01 09:03:55.021739+02:00,216.832173,216.832173,85.22,489.0,XPAR
2019-10-01 09:03:55.021774+02:00,216.832208,216.832208,85.22,255.0,XPAR
2019-10-01 09:03:56.191976+02:00,218.00241,218.00241,85.25,140.0,XPAR
2019-10-01 09:03:56.192062+02:00,218.002496,218.002496,85.25,10.0,XPAR
2019-10-01 09:04:55.845079+02:00,277.655513,277.655513,85.2,52.0,XPAR
2019-10-01 09:05:06.302969+02:00,288.113403,288.113403,85.14,150.0,XPAR
2019-10-01 09:05:06.302969+02:00,288.113403,288.113404,85.15,64.0,XPAR
2019-10-01 09:05:06.307748+02:00,288.118182,288.118182,85.15,40.0,XPAR
2019-10-01 09:05:07.310306+02:00,289.12074,289.12074,85.13,10.0,XPAR
2019-10-01 09:05:38.150815+02:00,319.961249,319.961249,85.07,104.0,XPAR
2019-10-01 09:05:38.151022+02:00,319.961456,319.961456,85.09,86.0,XPAR
2019-10-01 09:05:38.151022+02:00,319.961456,319.961457,85.09,150.0,XPAR
2019-10-01 09:05:38.154943+02:00,319.965377,319.965377,85.07,339.0,XPAR
2019-10-01 09:05:41.202803+02:00,323.013237,323.013237,85.11,150.0,XPAR
2019-10-01 09:05:41.202803+02:00,323.013237,323.013238,85.11,59.0,XPAR
2019-10-01 09:05:41.203380+02:00,323.013814,323.013814,85.1,10.0,XPAR
2019-10-01 09:05:45.844591+02:00,327.655025,327.655025,85.11,101.0,XPAR
2019-10-01 09:05:49.435077+02:00,331.245511,331.245511,85.12,62.0,XPAR
2019-10-01 09:05:49.435077+02:00,331.245511,331.245512,85.12,6.0,XPAR
2019-10-01 09:05:53.274688+02:00,335.085122,335.085122,85.18,2.0,XPAR
2019-10-01 09:05:53.357940+02:00,335.168374,335.168374,85.19,150.0,XPAR
2019-10-01 09:05:53.358081+02:00,335.168515,335.168515,85.2,100.0,XPAR
2019-10-01 09:05:53.358081+02:00,335.168515,335.168516,85.2,16.0,XPAR
2019-10-01 09:05:53.358081+02:00,335.168515,335.168517,85.21,80.0,XPAR
2019-10-01 09:05:53.358081+02:00,335.168515,335.168518,85.21,98.0,XPAR
2019-10-01 09:05:53.358830+02:00,335.169264,335.169264,85.19,150.0,XPAR
2019-10-01 09:05:53.358946+02:00,335.16938,335.16938,85.19,26.0,XPAR
2019-10-01 09:05:53.359252+02:00,335.169686,335.169686,85.19,24.0,XPAR
2019-10-01 09:05:54.400971+02:00,336.211405,336.211405,85.18,6.0,XPAR
2019-10-01 09:05:54.400971+02:00,336.211405,336.211406,85.18,110.0,XPAR
2019-10-01 09:05:54.490481+02:00,336.300915,336.300915,85.19,8.0,XPAR
2019-10-01 09:05:54.490481+02:00,336.300915,336.300916,85.19,150.0,XPAR
2019-10-01 09:05:54.592455+02:00,336.402889,336.402889,85.19,14.0,XPAR
2019-10-01 09:05:54.592455+02:00,336.402889,336.40289,85.19,148.0,XPAR
2019-10-01 09:05:55.639055+02:00,337.449489,337.449489,85.21,150.0,XPAR
2019-10-01 09:05:55.744702+02:00,337.555136,337.555136,85.22,100.0,XPAR
2019-10-01 09:05:55.744887+02:00,337.555321,337.555321,85.23,29.0,XPAR
2019-10-01 09:05:55.960984+02:00,337.771418,337.771418,85.22,91.0,XPAR
2019-10-01 09:05:55.960984+02:00,337.771418,337.771419,85.22,13.0,XPAR
2019-10-01 09:05:55.962865+02:00,337.773299,337.773299,85.22,44.0,XPAR
2019-10-01 09:05:55.962975+02:00,337.773409,337.773409,85.22,22.0,XPAR
2019-10-01 09:05:55.992636+02:00,337.80307,337.80307,85.22,50.0,XPAR
2019-10-01 09:05:57.453137+02:00,339.263571,339.263571,85.25,150.0,XPAR
2019-10-01 09:05:57.453137+02:00,339.263571,339.263572,85.25,20.0,XPAR
2019-10-01 09:05:58.207390+02:00,340.017824,340.017824,85.24,90.0,XPAR
2019-10-01 09:05:58.208284+02:00,340.018718,340.018718,85.25,65.0,XPAR
2019-10-01 09:06:03.048254+02:00,344.858688,344.858688,85.28,150.0,XPAR
2019-10-01 09:06:03.054583+02:00,344.865017,344.865017,85.28,14.0,XPAR
2019-10-01 09:06:03.054583+02:00,344.865017,344.865018,85.28,16.0,XPAR
2019-10-01 09:06:04.048585+02:00,345.859019,345.859019,85.27,100.0,XPAR
2019-10-01 09:06:05.721102+02:00,347.531536,347.531536,85.26,65.0,XPAR
2019-10-01 09:06:10.031493+02:00,351.841927,351.841927,85.28,75.0,XPAR
2019-10-01 09:06:10.031583+02:00,351.842017,351.842017,85.28,41.0,XPAR
2019-10-01 09:06:10.031628+02:00,351.842062,351.842062,85.28,45.0,XPAR
2019-10-01 09:06:10.031712+02:00,351.842146,351.842146,85.28,47.0,XPAR
2019-10-01 09:06:11.945509+02:00,353.755943,353.755943,85.28,6.0,XPAR
2019-10-01 09:06:11.945509+02:00,353.755943,353.755944,85.28,24.0,XPAR
2019-10-01 09:06:11.945509+02:00,353.755943,353.755945,85.28,15.0,XPAR
2019-10-01 09:06:15.230438+02:00,357.040872,357.040872,85.28,92.0,XPAR
2019-10-01 09:06:15.230438+02:00,357.040872,357.040873,85.28,245.0,XPAR
2019-10-01 09:06:15.230653+02:00,357.041087,357.041087,85.28,12.0,XPAR
2019-10-01 09:06:17.347335+02:00,359.157769,359.157769,85.28,150.0,XPAR
2019-10-01 09:06:21.692505+02:00,363.502939,363.502939,85.28,108.0,XPAR
2019-10-01 09:06:23.086004+02:00,364.896438,364.896438,85.28,121.0,XPAR
2019-10-01 09:06:28.800578+02:00,370.611012,370.611012,85.24,150.0,XPAR
2019-10-01 09:06:55.465109+02:00,397.275543,397.275543,85.19,74.0,XPAR
2019-10-01 09:06:55.465196+02:00,397.27563,397.27563,85.19,76.0,XPAR
2019-10-01 09:07:10.390355+02:00,412.200789,412.200789,85.14,100.0,XPAR
2019-10-01 09:07:10.390450+02:00,412.200884,412.200884,85.14,32.0,XPAR
2019-10-01 09:07:10.390450+02:00,412.200884,412.20088499999997,85.14,50.0,XPAR
2019-10-01 09:07:10.645368+02:00,412.455802,412.455802,85.15,400.0,XPAR
2019-10-01 09:07:10.645408+02:00,412.455842,412.455842,85.15,311.0,XPAR
2019-10-01 09:07:10.645408+02:00,412.455842,412.455843,85.15,15.0,XPAR
2019-10-01 09:07:10.645408+02:00,412.455842,412.455844,85.15,73.0,XPAR
2019-10-01 09:07:10.646926+02:00,412.45736,412.45736,85.17,22.0,XPAR
2019-10-01 09:07:13.676293+02:00,415.486727,415.486727,85.18,30.0,XPAR
2019-10-01 09:07:24.712917+02:00,426.523351,426.523351,85.2,100.0,XPAR
2019-10-01 09:07:24.713044+02:00,426.523478,426.523478,85.2,68.0,XPAR
2019-10-01 09:07:24.713044+02:00,426.523478,426.523479,85.2,50.0,XPAR
2019-10-01 09:07:24.713044+02:00,426.523478,426.52348,85.2,19.0,XPAR
2019-10-01 09:07:27.814030+02:00,429.624464,429.624464,85.2,79.0,XPAR
2019-10-01 09:07:27.814030+02:00,429.624464,429.624465,85.2,23.0,XPAR
2019-10-01 09:07:27.817632+02:00,429.628066,429.628066,85.2,6.0,XPAR
2019-10-01 09:07:27.820785+02:00,429.631219,429.631219,85.2,45.0,XPAR
2019-10-01 09:07:47.720319+02:00,449.530753,449.530753,85.15,17.0,XPAR
2019-10-01 09:07:51.472008+02:00,453.282442,453.282442,85.16,33.0,XPAR
2019-10-01 09:07:51.472008+02:00,453.282442,453.282443,85.16,467.0,XPAR
2019-10-01 09:07:58.173796+02:00,459.98423,459.98423,85.14,90.0,XPAR
2019-10-01 09:07:58.173796+02:00,459.98423,459.984231,85.14,150.0,XPAR
2019-10-01 09:07:58.173796+02:00,459.98423,459.984232,85.14,170.0,XPAR
2019-10-01 09:07:58.173796+02:00,459.98423,459.984233,85.14,19.0,XPAR
2019-10-01 09:07:58.180717+02:00,459.991151,459.991151,85.15,6.0,XPAR
2019-10-01 09:07:58.180717+02:00,459.991151,459.991152,85.15,50.0,XPAR
2019-10-01 09:07:58.180717+02:00,459.991151,459.991153,85.15,170.0,XPAR
2019-10-01 09:08:00.067930+02:00,461.878364,461.878364,85.16,32.0,XPAR
2019-10-01 09:08:00.067930+02:00,461.878364,461.878365,85.16,13.0,XPAR
2019-10-01 09:08:04.889720+02:00,466.700154,466.700154,85.17,21.0,XPAR
2019-10-01 09:08:04.890772+02:00,466.701206,466.701206,85.18,12.0,XPAR
2019-10-01 09:08:04.890772+02:00,466.701206,466.701207,85.18,65.0,XPAR
2019-10-01 09:08:04.891563+02:00,466.701997,466.701997,85.19,34.0,XPAR
2019-10-01 09:08:09.264640+02:00,471.075074,471.075074,85.2,102.0,XPAR
2019-10-01 09:08:09.264640+02:00,471.075074,471.07507499999997,85.19,28.0,XPAR
2019-10-01 09:08:09.264640+02:00,471.075074,471.07507599999997,85.2,42.0,XPAR
2019-10-01 09:08:09.264640+02:00,471.075074,471.07507699999996,85.19,131.0,XPAR
2019-10-01 09:08:09.264640+02:00,471.075074,471.07507799999996,85.19,90.0,XPAR
2019-10-01 09:08:09.264640+02:00,471.075074,471.07507899999996,85.2,204.0,XPAR
2019-10-01 09:08:09.390830+02:00,471.201264,471.201264,85.2,2.0,XPAR
2019-10-01 09:08:09.527444+02:00,471.337878,471.337878,85.21,39.0,XPAR
2019-10-01 09:08:09.527780+02:00,471.338214,471.338214,85.21,10.0,XPAR
2019-10-01 09:08:10.229546+02:00,472.03998,472.03998,85.22,46.0,XPAR
2019-10-01 09:08:13.314229+02:00,475.124663,475.124663,85.23,33.0,XPAR
2019-10-01 09:08:21.606746+02:00,483.41718,483.41718,85.18,39.0,XPAR
2019-10-01 09:08:21.607636+02:00,483.41807,483.41807,85.19,47.0,XPAR
2019-10-01 09:08:21.646455+02:00,483.456889,483.456889,85.2,35.0,XPAR
2019-10-01 09:08:23.744279+02:00,485.554713,485.554713,85.21,41.0,XPAR
2019-10-01 09:08:34.630532+02:00,496.440966,496.440966,85.22,65.0,XPAR
2019-10-01 09:08:50.349787+02:00,512.160221,512.160221,85.22,56.0,XPAR
2019-10-01 09:08:50.349787+02:00,512.160221,512.160222,85.22,44.0,XPAR
2019-10-01 09:09:13.143277+02:00,534.953711,534.953711,85.19,38.0,XPAR
2019-10-01 09:09:13.143367+02:00,534.953801,534.953801,85.19,112.0,XPAR
2019-10-01 09:09:18.014560+02:00,539.824994,539.824994,85.16,72.0,XPAR
2019-10-01 09:09:18.014560+02:00,539.824994,539.824995,85.16,24.0,XPAR
2019-10-01 09:09:18.014560+02:00,539.824994,539.8249959999999,85.16,102.0,XPAR
2019-10-01 09:09:18.017355+02:00,539.827789,539.827789,85.17,29.0,XPAR
2019-10-01 09:09:18.017435+02:00,539.827869,539.827869,85.17,1.0,XPAR
2019-10-01 09:09:19.350486+02:00,541.16092,541.16092,85.18,12.0,XPAR
2019-10-01 09:09:19.350593+02:00,541.161027,541.161027,85.18,3.0,XPAR
2019-10-01 09:09:29.016979+02:00,550.827413,550.827413,85.17,150.0,XPAR
2019-10-01 09:09:29.016979+02:00,550.827413,550.827414,85.17,36.0,XPAR
2019-10-01 09:09:29.016979+02:00,550.827413,550.827415,85.17,11.0,XPAR
2019-10-01 09:09:29.016979+02:00,550.827413,550.827416,85.17,13.0,XPAR
2019-10-01 09:09:29.016979+02:00,550.827413,550.827417,85.17,167.0,XPAR
2019-10-01 09:09:35.001764+02:00,556.812198,556.812198,85.15,162.0,XPAR
2019-10-01 09:09:35.008723+02:00,556.819157,556.819157,85.16,12.0,XPAR
2019-10-01 09:09:35.214544+02:00,557.024978,557.024978,85.18,44.0,XPAR
2019-10-01 09:09:35.214544+02:00,557.024978,557.024979,85.18,38.0,XPAR
2019-10-01 09:09:35.273895+02:00,557.084329,557.084329,85.18,3.0,XPAR
2019-10-01 09:09:39.895128+02:00,561.705562,561.705562,85.15,100.0,XPAR
2019-10-01 09:09:39.895220+02:00,561.705654,561.705654,85.15,57.0,XPAR
2019-10-01 09:09:39.895220+02:00,561.705654,561.705655,85.15,32.0,XPAR
2019-10-01 09:09:40.908663+02:00,562.719097,562.719097,85.15,150.0,XPAR
2019-10-01 09:09:51.913363+02:00,573.723797,573.723797,85.14,17.0,XPAR
2019-10-01 09:09:51.913363+02:00,573.723797,573.723798,85.14,80.0,XPAR
2019-10-01 09:09:51.913448+02:00,573.723882,573.723882,85.14,80.0,XPAR
2019-10-01 09:09:51.913448+02:00,573.723882,573.723883,85.14,17.0,XPAR
2019-10-01 09:09:51.913589+02:00,573.724023,573.724023,85.14,80.0,XPAR
2019-10-01 09:09:51.913589+02:00,573.724023,573.724024,85.14,17.0,XPAR
2019-10-01 09:09:51.913699+02:00,573.724133,573.724133,85.14,80.0,XPAR
2019-10-01 09:09:51.913699+02:00,573.724133,573.724134,85.14,17.0,XPAR
2019-10-01 09:09:51.913921+02:00,573.724355,573.724355,85.14,80.0,XPAR
2019-10-01 09:10:02.211649+02:00,584.022083,584.022083,85.12,14.0,XPAR
2019-10-01 09:10:02.211649+02:00,584.022083,584.022084,85.12,49.0,XPAR
2019-10-01 09:10:02.211649+02:00,584.022083,584.022085,85.12,150.0,XPAR
2019-10-01 09:10:02.515304+02:00,584.325738,584.325738,85.13,4.0,XPAR
2019-10-01 09:10:19.705988+02:00,601.516422,601.516422,85.11,49.0,XPAR
2019-10-01 09:10:19.705988+02:00,601.516422,601.516423,85.11,51.0,XPAR
2019-10-01 09:10:19.706178+02:00,601.516612,601.516612,85.11,53.0,XPAR
2019-10-01 09:10:19.707113+02:00,601.517547,601.517547,85.12,27.0,XPAR
2019-10-01 09:10:19.707113+02:00,601.517547,601.517548,85.12,56.0,XPAR
2019-10-01 09:10:19.709910+02:00,601.520344,601.520344,85.12,34.0,XPAR
2019-10-01 09:10:19.715708+02:00,601.526142,601.526142,85.13,25.0,XPAR
2019-10-01 09:10:19.715708+02:00,601.526142,601.526143,85.13,70.0,XPAR
2019-10-01 09:10:34.932938+02:00,616.743372,616.743372,85.11,100.0,XPAR
2019-10-01 09:10:46.923446+02:00,628.73388,628.73388,85.09,100.0,XPAR
2019-10-01 09:10:46.923446+02:00,628.73388,628.733881,85.09,25.0,XPAR
2019-10-01 09:10:46.923446+02:00,628.73388,628.733882,85.09,14.0,XPAR
2019-10-01 09:10:47.599133+02:00,629.409567,629.409567,85.11,30.0,XPAR
2019-10-01 09:10:47.599133+02:00,629.409567,629.409568,85.11,13.0,XPAR
2019-10-01 09:10:47.600144+02:00,629.410578,629.410578,85.12,120.0,XPAR
2019-10-01 09:10:47.600144+02:00,629.410578,629.410579,85.12,39.0,XPAR
2019-10-01 09:11:04.506374+02:00,646.316808,646.316808,85.1,100.0,XPAR
2019-10-01 09:11:04.506472+02:00,646.316906,646.316906,85.1,50.0,XPAR
2019-10-01 09:11:04.506472+02:00,646.316906,646.316907,85.1,30.0,XPAR
2019-10-01 09:11:04.506472+02:00,646.316906,646.316908,85.1,86.0,XPAR
2019-10-01 09:11:27.044935+02:00,668.855369,668.855369,85.12,13.0,XPAR
2019-10-01 09:11:35.351312+02:00,677.161746,677.161746,85.14,150.0,XPAR
2019-10-01 09:11:35.353786+02:00,677.16422,677.16422,85.16,60.0,XPAR
2019-10-01 09:11:35.353786+02:00,677.16422,677.164221,85.16,14.0,XPAR
2019-10-01 09:11:36.998895+02:00,678.809329,678.809329,85.16,153.0,XPAR
2019-10-01 09:11:46.173807+02:00,687.984241,687.984241,85.15,51.0,XPAR
2019-10-01 09:12:03.623639+02:00,705.434073,705.434073,85.07,73.0,XPAR
2019-10-01 09:12:11.179693+02:00,712.990127,712.990127,85.08,2.0,XPAR
2019-10-01 09:12:11.179693+02:00,712.990127,712.990128,85.08,73.0,XPAR
2019-10-01 09:12:11.179693+02:00,712.990127,712.990129,85.08,13.0,XPAR
2019-10-01 09:12:11.179693+02:00,712.990127,712.99013,85.08,80.0,XPAR
2019-10-01 09:12:11.188528+02:00,712.998962,712.998962,85.1,84.0,XPAR
2019-10-01 09:12:11.188602+02:00,712.999036,712.999036,85.1,70.0,XPAR
2019-10-01 09:12:11.188602+02:00,712.999036,712.999037,85.1,66.0,XPAR
2019-10-01 09:12:11.188602+02:00,712.999036,712.999038,85.1,26.0,XPAR
2019-10-01 09:12:16.110908+02:00,717.921342,717.921342,85.09,60.0,XPAR
2019-10-01 09:12:16.410741+02:00,718.221175,718.221175,85.1,57.0,XPAR
2019-10-01 09:12:16.410795+02:00,718.221229,718.221229,85.1,8.0,XPAR
2019-10-01 09:12:40.972179+02:00,742.782613,742.782613,85.08,50.0,XPAR
2019-10-01 09:12:40.972375+02:00,742.782809,742.782809,85.08,70.0,XPAR
2019-10-01 09:12:46.191821+02:00,748.002255,748.002255,85.06,37.0,XPAR
2019-10-01 09:12:46.191821+02:00,748.002255,748.002256,85.06,13.0,XPAR
2019-10-01 09:12:46.191821+02:00,748.002255,748.002257,85.06,65.0,XPAR
2019-10-01 09:13:07.923510+02:00,769.733944,769.733944,85.07,215.0,XPAR
2019-10-01 09:13:07.924211+02:00,769.734645,769.734645,85.08,73.0,XPAR
2019-10-01 09:13:14.016489+02:00,775.826923,775.826923,85.07,16.0,XPAR
2019-10-01 09:13:32.093730+02:00,793.904164,793.904164,85.05,13.0,XPAR
2019-10-01 09:13:56.029035+02:00,817.839469,817.839469,85.08,28.0,XPAR
2019-10-01 09:13:56.029733+02:00,817.840167,817.840167,85.09,13.0,XPAR
2019-10-01 09:14:12.074433+02:00,833.884867,833.884867,85.08,36.0,XPAR
2019-10-01 09:14:12.078761+02:00,833.889195,833.889195,85.09,74.0,XPAR
2019-10-01 09:14:12.083201+02:00,833.893635,833.893635,85.1,94.0,XPAR
2019-10-01 09:14:44.712594+02:00,866.523028,866.523028,85.0,26.0,XPAR
2019-10-01 09:14:44.801445+02:00,866.611879,866.611879,85.0,55.0,XPAR
2019-10-01 09:14:53.598346+02:00,875.40878,875.40878,84.99,36.0,XPAR
2019-10-01 09:14:53.598514+02:00,875.408948,875.408948,84.99,9.0,XPAR
2019-10-01 09:14:53.682522+02:00,875.492956,875.492956,85.0,46.0,XPAR
2019-10-01 09:15:10.784699+02:00,892.595133,892.595133,85.01,163.0,XPAR
2019-10-01 09:15:10.784699+02:00,892.595133,892.595134,85.01,39.0,XPAR
2019-10-01 09:15:10.784699+02:00,892.595133,892.595135,85.01,39.0,XPAR
2019-10-01 09:15:10.784852+02:00,892.595286,892.595286,85.01,20.0,XPAR
2019-10-01 09:15:15.493257+02:00,897.303691,897.303691,85.02,59.0,XPAR
2019-10-01 09:15:15.493257+02:00,897.303691,897.303692,85.02,41.0,XPAR
2019-10-01 09:15:27.982284+02:00,909.792718,909.792718,84.99,73.0,XPAR
2019-10-01 09:15:33.812617+02:00,915.623051,915.623051,85.01,163.0,XPAR
2019-10-01 09:15:33.812617+02:00,915.623051,915.623052,85.01,59.0,XPAR
2019-10-01 09:15:33.812617+02:00,915.623051,915.623053,85.01,13.0,XPAR
2019-10-01 09:15:33.824223+02:00,915.634657,915.634657,85.01,16.0,XPAR
2019-10-01 09:15:33.824268+02:00,915.634702,915.634702,85.01,41.0,XPAR
2019-10-01 09:15:33.825136+02:00,915.63557,915.63557,85.02,24.0,XPAR
2019-10-01 09:15:33.825136+02:00,915.63557,915.635571,85.02,59.0,XPAR
2019-10-01 09:15:34.108030+02:00,915.918464,915.918464,85.02,125.0,XPAR
2019-10-01 09:15:34.108030+02:00,915.918464,915.918465,85.02,3.0,XPAR
2019-10-01 09:15:34.988158+02:00,916.798592,916.798592,85.06,170.0,XPAR
2019-10-01 09:15:34.988158+02:00,916.798592,916.798593,85.06,69.0,XPAR
2019-10-01 09:15:34.988158+02:00,916.798592,916.798594,85.06,100.0,XPAR
2019-10-01 09:15:34.988158+02:00,916.798592,916.798595,85.06,140.0,XPAR
2019-10-01 09:15:34.988158+02:00,916.798592,916.798596,85.09,170.0,XPAR
2019-10-01 09:15:34.988158+02:00,916.798592,916.798597,85.04,18.0,XPAR
2019-10-01 09:15:34.988158+02:00,916.798592,916.798598,85.04,170.0,XPAR
2019-10-01 09:15:34.988158+02:00,916.798592,916.798599,85.03,150.0,XPAR
2019-10-01 09:15:34.988158+02:00,916.798592,916.7986,85.07,73.0,XPAR
2019-10-01 09:15:34.988158+02:00,916.798592,916.798601,85.07,42.0,XPAR
2019-10-01 09:15:34.988158+02:00,916.798592,916.798602,85.05,170.0,XPAR
2019-10-01 09:15:34.988158+02:00,916.798592,916.798603,85.07,170.0,XPAR
2019-10-01 09:15:34.988158+02:00,916.798592,916.798604,85.09,73.0,XPAR
2019-10-01 09:15:34.988158+02:00,916.798592,916.798605,85.07,69.0,XPAR
2019-10-01 09:15:34.988158+02:00,916.798592,916.798606,85.03,150.0,XPAR
2019-10-01 09:15:34.988158+02:00,916.798592,916.798607,85.1,170.0,XPAR
2019-10-01 09:15:34.988158+02:00,916.798592,916.798608,85.09,69.0,XPAR
2019-10-01 09:15:34.988158+02:00,916.798592,916.7986089999999,85.1,69.0,XPAR
2019-10-01 09:15:34.988158+02:00,916.798592,916.7986099999999,85.1,110.0,XPAR
2019-10-01 09:15:34.988158+02:00,916.798592,916.7986109999999,85.08,69.0,XPAR
2019-10-01 09:15:34.988158+02:00,916.798592,916.7986119999999,85.08,69.0,XPAR
2019-10-01 09:15:34.988158+02:00,916.798592,916.7986129999999,85.08,170.0,XPAR
2019-10-01 09:15:34.988158+02:00,916.798592,916.7986139999999,85.09,80.0,XPAR
2019-10-01 09:15:34.989450+02:00,916.799884,916.799884,85.06,45.0,XPAR
2019-10-01 09:15:34.989450+02:00,916.799884,916.799885,85.1,45.0,XPAR
2019-10-01 09:15:34.989754+02:00,916.800188,916.800188,85.06,45.0,XPAR
2019-10-01 09:15:34.989806+02:00,916.80024,916.80024,85.06,45.0,XPAR
2019-10-01 09:15:34.989867+02:00,916.800301,916.800301,85.11,36.0,XPAR
2019-10-01 09:15:34.989867+02:00,916.800301,916.800302,85.11,52.0,XPAR
2019-10-01 09:15:34.990877+02:00,916.801311,916.801311,85.12,45.0,XPAR
2019-10-01 09:15:34.990877+02:00,916.801311,916.801312,85.12,31.0,XPAR
2019-10-01 09:15:34.990877+02:00,916.801311,916.801313,85.11,150.0,XPAR
2019-10-01 09:15:34.991540+02:00,916.801974,916.801974,85.12,150.0,XPAR
2019-10-01 09:15:34.991875+02:00,916.802309,916.802309,85.13,37.0,XPAR
2019-10-01 09:15:34.991875+02:00,916.802309,916.80231,85.13,120.0,XPAR
2019-10-01 09:15:34.993119+02:00,916.803553,916.803553,85.14,150.0,XPAR
2019-10-01 09:15:34.993119+02:00,916.803553,916.803554,85.13,150.0,XPAR
2019-10-01 09:15:34.993119+02:00,916.803553,916.803555,85.16,100.0,XPAR
2019-10-01 09:15:34.993119+02:00,916.803553,916.803556,85.13,100.0,XPAR
2019-10-01 09:15:34.993119+02:00,916.803553,916.803557,85.15,110.0,XPAR
2019-10-01 09:15:34.993119+02:00,916.803553,916.803558,85.16,90.0,XPAR
2019-10-01 09:15:34.993119+02:00,916.803553,916.803559,85.15,100.0,XPAR
2019-10-01 09:15:35.015444+02:00,916.825878,916.825878,85.15,100.0,XPAR
2019-10-01 09:15:35.526987+02:00,917.337421,917.337421,85.15,73.0,XPAR
2019-10-01 09:15:35.526987+02:00,917.337421,917.337422,85.15,50.0,XPAR
2019-10-01 09:15:35.526987+02:00,917.337421,917.337423,85.15,150.0,XPAR
2019-10-01 09:15:35.526987+02:00,917.337421,917.3374239999999,85.15,65.0,XPAR
2019-10-01 09:15:35.526987+02:00,917.337421,917.3374249999999,85.15,72.0,XPAR
2019-10-01 09:15:35.527207+02:00,917.337641,917.337641,85.14,150.0,XPAR
2019-10-01 09:15:35.762263+02:00,917.572697,917.572697,85.16,150.0,XPAR
2019-10-01 09:15:35.985375+02:00,917.795809,917.795809,85.16,12.0,XPAR
2019-10-01 09:15:36.070743+02:00,917.881177,917.881177,85.17,67.0,XPAR
2019-10-01 09:15:36.213733+02:00,918.024167,918.024167,85.18,29.0,XPAR
2019-10-01 09:15:37.247372+02:00,919.057806,919.057806,85.14,112.0,XPAR
2019-10-01 09:16:03.489308+02:00,945.299742,945.299742,85.14,20.0,XPAR
2019-10-01 09:16:03.489308+02:00,945.299742,945.299743,85.14,120.0,XPAR
2019-10-01 09:16:03.490566+02:00,945.301,945.301,85.15,122.0,XPAR
2019-10-01 09:16:03.552438+02:00,945.362872,945.362872,85.15,150.0,XPAR
2019-10-01 09:16:03.552438+02:00,945.362872,945.362873,85.15,150.0,XPAR
2019-10-01 09:16:03.552438+02:00,945.362872,945.362874,85.15,45.0,XPAR
2019-10-01 09:16:04.425266+02:00,946.2357,946.2357,85.15,8.0,XPAR
2019-10-01 09:16:04.425266+02:00,946.2357,946.235701,85.15,113.0,XPAR
2019-10-01 09:16:04.425339+02:00,946.235773,946.235773,85.15,107.0,XPAR
2019-10-01 09:16:04.430661+02:00,946.241095,946.241095,85.15,59.0,XPAR
2019-10-01 09:16:04.433534+02:00,946.243968,946.243968,85.15,16.0,XPAR
2019-10-01 09:16:04.436644+02:00,946.247078,946.247078,85.15,8.0,XPAR
2019-10-01 09:16:06.942445+02:00,948.752879,948.752879,85.14,25.0,XPAR
2019-10-01 09:16:07.111215+02:00,948.921649,948.921649,85.14,36.0,XPAR
2019-10-01 09:16:32.801737+02:00,974.612171,974.612171,85.08,597.0,XPAR
2019-10-01 09:16:43.174608+02:00,984.985042,984.985042,85.08,150.0,XPAR
2019-10-01 09:16:43.174608+02:00,984.985042,984.985043,85.08,111.0,XPAR
2019-10-01 09:17:07.691293+02:00,1009.501727,1009.501727,85.03,100.0,XPAR
2019-10-01 09:17:16.050627+02:00,1017.861061,1017.861061,84.98,150.0,XPAR
2019-10-01 09:17:16.325069+02:00,1018.135503,1018.135503,84.98,65.0,XPAR
2019-10-01 09:17:18.794577+02:00,1020.605011,1020.605011,84.99,150.0,XPAR
2019-10-01 09:17:18.794577+02:00,1020.605011,1020.605012,84.99,65.0,XPAR
2019-10-01 09:17:57.039889+02:00,1058.850323,1058.850323,85.01,99.0,XPAR
2019-10-01 09:17:57.039889+02:00,1058.850323,1058.850324,85.01,71.0,XPAR
2019-10-01 09:17:57.039974+02:00,1058.850408,1058.850408,85.02,37.0,XPAR
2019-10-01 09:17:57.039974+02:00,1058.850408,1058.8504090000001,85.02,34.0,XPAR
2019-10-01 09:17:57.039974+02:00,1058.850408,1058.85041,85.01,38.0,XPAR
2019-10-01 09:17:57.039974+02:00,1058.850408,1058.8504110000001,85.02,150.0,XPAR
2019-10-01 09:17:57.040200+02:00,1058.850634,1058.850634,85.02,35.0,XPAR
2019-10-01 09:17:57.040200+02:00,1058.850634,1058.850635,85.02,3.0,XPAR
2019-10-01 09:17:57.040928+02:00,1058.851362,1058.851362,85.03,127.0,XPAR
2019-10-01 09:17:57.041070+02:00,1058.851504,1058.851504,85.03,93.0,XPAR
2019-10-01 09:17:57.041366+02:00,1058.8518,1058.8518,85.03,59.0,XPAR
2019-10-01 09:17:57.041366+02:00,1058.8518,1058.851801,85.03,180.0,XPAR
2019-10-01 09:17:57.045617+02:00,1058.856051,1058.856051,85.01,16.0,XPAR
2019-10-01 09:18:00.229911+02:00,1062.040345,1062.040345,85.04,59.0,XPAR
2019-10-01 09:18:00.229911+02:00,1062.040345,1062.040346,85.04,150.0,XPAR
2019-10-01 09:18:04.764643+02:00,1066.575077,1066.575077,85.04,14.0,XPAR
2019-10-01 09:18:16.726779+02:00,1078.537213,1078.537213,85.0,100.0,XPAR
2019-10-01 09:18:16.882543+02:00,1078.692977,1078.692977,85.01,28.0,XPAR
2019-10-01 09:18:22.779178+02:00,1084.589612,1084.589612,84.99,50.0,XPAR
2019-10-01 09:18:28.115488+02:00,1089.925922,1089.925922,84.95,37.0,XPAR
2019-10-01 09:18:39.785588+02:00,1101.596022,1101.596022,84.95,100.0,XPAR
2019-10-01 09:18:40.222681+02:00,1102.033115,1102.033115,84.96,103.0,XPAR
2019-10-01 09:18:50.010400+02:00,1111.820834,1111.820834,84.94,40.0,XPAR
2019-10-01 09:19:11.193203+02:00,1133.003637,1133.003637,84.91,43.0,XPAR
2019-10-01 09:19:11.193203+02:00,1133.003637,1133.0036380000001,84.91,43.0,XPAR
2019-10-01 09:19:16.566539+02:00,1138.376973,1138.376973,84.89,150.0,XPAR
2019-10-01 09:19:17.953182+02:00,1139.763616,1139.763616,84.9,43.0,XPAR
2019-10-01 09:19:17.953182+02:00,1139.763616,1139.763617,84.9,150.0,XPAR
2019-10-01 09:19:17.953678+02:00,1139.764112,1139.764112,84.91,26.0,XPAR
2019-10-01 09:19:22.654151+02:00,1144.464585,1144.464585,84.92,45.0,XPAR
2019-10-01 09:19:22.654151+02:00,1144.464585,1144.464586,84.92,59.0,XPAR
2019-10-01 09:19:22.654151+02:00,1144.464585,1144.464587,84.92,120.0,XPAR
2019-10-01 09:19:22.654151+02:00,1144.464585,1144.464588,84.91,1.0,XPAR
2019-10-01 09:19:22.654151+02:00,1144.464585,1144.464589,84.92,108.0,XPAR
2019-10-01 09:19:22.654151+02:00,1144.464585,1144.46459,84.92,46.0,XPAR
2019-10-01 09:19:22.654151+02:00,1144.464585,1144.464591,84.92,21.0,XPAR
2019-10-01 09:19:22.654359+02:00,1144.464793,1144.464793,84.92,104.0,XPAR
2019-10-01 09:19:45.388562+02:00,1167.198996,1167.198996,84.92,51.0,XPAR
2019-10-01 09:19:45.388562+02:00,1167.198996,1167.1989970000002,84.92,150.0,XPAR
2019-10-01 09:19:45.388562+02:00,1167.198996,1167.198998,84.92,103.0,XPAR
2019-10-01 09:19:45.388663+02:00,1167.199097,1167.199097,84.92,71.0,XPAR
2019-10-01 09:19:45.388872+02:00,1167.199306,1167.199306,84.93,78.0,XPAR
2019-10-01 09:19:45.388872+02:00,1167.199306,1167.199307,84.93,42.0,XPAR
2019-10-01 09:19:45.525753+02:00,1167.336187,1167.336187,84.91,44.0,XPAR
2019-10-01 09:19:49.845849+02:00,1171.656283,1171.656283,84.91,100.0,XPAR
2019-10-01 09:19:52.304065+02:00,1174.114499,1174.114499,84.91,50.0,XPAR
2019-10-01 09:19:54.025128+02:00,1175.835562,1175.835562,84.91,8.0,XPAR
2019-10-01 09:20:09.023971+02:00,1190.834405,1190.834405,84.88,100.0,XPAR
2019-10-01 09:20:09.024018+02:00,1190.834452,1190.834452,84.88,50.0,XPAR
2019-10-01 09:20:21.569108+02:00,1203.379542,1203.379542,84.84,65.0,XPAR
2019-10-01 09:20:21.569108+02:00,1203.379542,1203.379543,84.84,67.0,XPAR
2019-10-01 09:20:21.569108+02:00,1203.379542,1203.379544,84.84,150.0,XPAR
2019-10-01 09:20:21.569108+02:00,1203.379542,1203.379545,84.84,80.0,XPAR
2019-10-01 09:20:21.569516+02:00,1203.37995,1203.37995,84.85,45.0,XPAR
2019-10-01 09:20:21.569516+02:00,1203.37995,1203.3799510000001,84.85,13.0,XPAR
2019-10-01 09:20:21.569581+02:00,1203.380015,1203.380015,84.85,14.0,XPAR
2019-10-01 09:20:21.569581+02:00,1203.380015,1203.380016,84.85,125.0,XPAR
2019-10-01 09:20:21.569663+02:00,1203.380097,1203.380097,84.85,78.0,XPAR
2019-10-01 09:20:23.411699+02:00,1205.222133,1205.222133,84.86,211.0,XPAR
2019-10-01 09:20:23.411699+02:00,1205.222133,1205.222134,84.86,39.0,XPAR
2019-10-01 09:20:23.411699+02:00,1205.222133,1205.222135,84.86,59.0,XPAR
2019-10-01 09:20:23.412031+02:00,1205.222465,1205.222465,84.87,28.0,XPAR
2019-10-01 09:20:48.730229+02:00,1230.540663,1230.540663,84.89,59.0,XPAR
2019-10-01 09:20:48.730229+02:00,1230.540663,1230.540664,84.89,49.0,XPAR
2019-10-01 09:20:48.730229+02:00,1230.540663,1230.540665,84.89,167.0,XPAR
2019-10-01 09:20:48.730229+02:00,1230.540663,1230.540666,84.89,21.0,XPAR
2019-10-01 09:20:48.730229+02:00,1230.540663,1230.540667,84.89,64.0,XPAR
2019-10-01 09:20:48.730229+02:00,1230.540663,1230.540668,84.89,23.0,XPAR
2019-10-01 09:20:48.730411+02:00,1230.540845,1230.540845,84.89,169.0,XPAR
2019-10-01 09:20:48.730411+02:00,1230.540845,1230.540846,84.89,167.0,XPAR
2019-10-01 09:20:48.730411+02:00,1230.540845,1230.540847,84.89,127.0,XPAR
2019-10-01 09:20:48.746624+02:00,1230.557058,1230.557058,84.89,58.0,XPAR
2019-10-01 09:20:48.757839+02:00,1230.568273,1230.568273,84.89,4.0,XPAR
2019-10-01 09:20:48.757839+02:00,1230.568273,1230.5682740000002,84.89,150.0,XPAR
2019-10-01 09:20:49.582886+02:00,1231.39332,1231.39332,84.91,21.0,XPAR
2019-10-01 09:20:49.582886+02:00,1231.39332,1231.393321,84.91,65.0,XPAR
2019-10-01 09:20:51.135136+02:00,1232.94557,1232.94557,84.91,150.0,XPAR
2019-10-01 09:20:51.135136+02:00,1232.94557,1232.9455710000002,84.91,88.0,XPAR
2019-10-01 09:20:51.374099+02:00,1233.184533,1233.184533,84.91,78.0,XPAR
2019-10-01 09:20:53.280215+02:00,1235.090649,1235.090649,84.91,66.0,XPAR
2019-10-01 09:20:53.280215+02:00,1235.090649,1235.09065,84.91,63.0,XPAR
2019-10-01 09:20:53.280290+02:00,1235.090724,1235.090724,84.91,2.0,XPAR
2019-10-01 09:20:53.280290+02:00,1235.090724,1235.090725,84.91,36.0,XPAR
2019-10-01 09:21:39.215066+02:00,1281.0255,1281.0255,84.93,50.0,XPAR
2019-10-01 09:21:39.215066+02:00,1281.0255,1281.025501,84.93,100.0,XPAR
2019-10-01 09:21:39.215208+02:00,1281.025642,1281.025642,84.93,29.0,XPAR
2019-10-01 09:21:39.215208+02:00,1281.025642,1281.0256430000002,84.93,22.0,XPAR
2019-10-01 09:21:39.238324+02:00,1281.048758,1281.048758,84.92,150.0,XPAR
2019-10-01 09:21:39.239285+02:00,1281.049719,1281.049719,84.91,150.0,XPAR
2019-10-01 09:21:39.388838+02:00,1281.199272,1281.199272,84.93,129.0,XPAR
2019-10-01 09:21:40.196190+02:00,1282.006624,1282.006624,84.93,137.0,XPAR
2019-10-01 09:21:40.196190+02:00,1282.006624,1282.0066250000002,84.93,150.0,XPAR
2019-10-01 09:21:41.197850+02:00,1283.008284,1283.008284,84.93,108.0,XPAR
2019-10-01 09:21:43.071783+02:00,1284.882217,1284.882217,84.92,12.0,XPAR
2019-10-01 09:21:43.074055+02:00,1284.884489,1284.884489,84.92,4.0,XPAR
2019-10-01 09:21:43.111411+02:00,1284.921845,1284.921845,84.92,97.0,XPAR
2019-10-01 09:21:45.108084+02:00,1286.918518,1286.918518,84.93,16.0,XPAR
2019-10-01 09:21:45.173006+02:00,1286.98344,1286.98344,84.92,100.0,XPAR
2019-10-01 09:21:45.467456+02:00,1287.27789,1287.27789,84.92,100.0,XPAR
2019-10-01 09:22:06.441326+02:00,1308.25176,1308.25176,84.9,51.0,XPAR
2019-10-01 09:22:06.441463+02:00,1308.251897,1308.251897,84.91,150.0,XPAR
2019-10-01 09:22:06.441463+02:00,1308.251897,1308.2518980000002,84.91,51.0,XPAR
2019-10-01 09:22:06.444697+02:00,1308.255131,1308.255131,84.92,25.0,XPAR
2019-10-01 09:22:06.445374+02:00,1308.255808,1308.255808,84.93,150.0,XPAR
2019-10-01 09:22:06.445374+02:00,1308.255808,1308.255809,84.93,85.0,XPAR
2019-10-01 09:22:06.445441+02:00,1308.255875,1308.255875,84.93,91.0,XPAR
2019-10-01 09:22:06.496996+02:00,1308.30743,1308.30743,84.94,38.0,XPAR
2019-10-01 09:22:16.517484+02:00,1318.327918,1318.327918,84.9,150.0,XPAR
2019-10-01 09:22:16.816209+02:00,1318.626643,1318.626643,84.91,87.0,XPAR
2019-10-01 09:22:41.049549+02:00,1342.859983,1342.859983,84.85,109.0,XPAR
2019-10-01 09:22:47.912994+02:00,1349.723428,1349.723428,84.85,6.0,XPAR
2019-10-01 09:22:53.808390+02:00,1355.618824,1355.618824,84.87,181.0,XPAR
2019-10-01 09:23:01.327833+02:00,1363.138267,1363.138267,84.89,150.0,XPAR
2019-10-01 09:23:01.328911+02:00,1363.139345,1363.139345,84.9,55.0,XPAR
2019-10-01 09:23:07.438067+02:00,1369.248501,1369.248501,84.91,51.0,XPAR
2019-10-01 09:23:07.438067+02:00,1369.248501,1369.2485020000001,84.91,56.0,XPAR
2019-10-01 09:23:07.438225+02:00,1369.248659,1369.248659,84.91,80.0,XPAR
2019-10-01 09:23:07.438277+02:00,1369.248711,1369.248711,84.92,150.0,XPAR
2019-10-01 09:23:07.438277+02:00,1369.248711,1369.248712,84.92,42.0,XPAR
2019-10-01 09:23:07.451044+02:00,1369.261478,1369.261478,84.93,62.0,XPAR
2019-10-01 09:23:07.988446+02:00,1369.79888,1369.79888,84.92,90.0,XPAR
2019-10-01 09:23:13.375773+02:00,1375.186207,1375.186207,84.86,100.0,XPAR
2019-10-01 09:23:29.179603+02:00,1390.990037,1390.990037,84.86,11.0,XPAR
2019-10-01 09:23:30.211189+02:00,1392.021623,1392.021623,84.86,100.0,XPAR
2019-10-01 09:23:50.355630+02:00,1412.166064,1412.166064,84.82,100.0,XPAR
2019-10-01 09:23:50.355737+02:00,1412.166171,1412.166171,84.82,80.0,XPAR
2019-10-01 09:24:00.555902+02:00,1422.366336,1422.366336,84.79,150.0,XPAR
2019-10-01 09:24:14.075780+02:00,1435.886214,1435.886214,84.8,115.0,XPAR
2019-10-01 09:24:19.513091+02:00,1441.323525,1441.323525,84.8,62.0,XPAR
2019-10-01 09:24:19.513091+02:00,1441.323525,1441.3235260000001,84.8,1.0,XPAR
2019-10-01 09:24:19.513164+02:00,1441.323598,1441.323598,84.8,93.0,XPAR
2019-10-01 09:24:19.513164+02:00,1441.323598,1441.323599,84.8,124.0,XPAR
2019-10-01 09:24:19.513164+02:00,1441.323598,1441.3236,84.8,28.0,XPAR
2019-10-01 09:24:19.513406+02:00,1441.32384,1441.32384,84.81,26.0,XPAR
2019-10-01 09:24:20.468104+02:00,1442.278538,1442.278538,84.81,150.0,XPAR
2019-10-01 09:25:06.278195+02:00,1488.088629,1488.088629,84.8,110.0,XPAR
2019-10-01 09:25:06.278255+02:00,1488.088689,1488.088689,84.81,49.0,XPAR
2019-10-01 09:25:06.278255+02:00,1488.088689,1488.08869,84.81,150.0,XPAR
2019-10-01 09:25:06.278255+02:00,1488.088689,1488.088691,84.81,75.0,XPAR
2019-10-01 09:25:06.279416+02:00,1488.08985,1488.08985,84.82,21.0,XPAR
2019-10-01 09:25:06.280728+02:00,1488.091162,1488.091162,84.83,70.0,XPAR
2019-10-01 09:25:33.822927+02:00,1515.633361,1515.633361,84.82,150.0,XPAR
2019-10-01 09:25:33.823865+02:00,1515.634299,1515.634299,84.81,150.0,XPAR
2019-10-01 09:25:42.332878+02:00,1524.143312,1524.143312,84.81,27.0,XPAR
2019-10-01 09:25:42.332878+02:00,1524.143312,1524.143313,84.81,47.0,XPAR
2019-10-01 09:25:42.332959+02:00,1524.143393,1524.143393,84.81,36.0,XPAR
2019-10-01 09:26:20.292098+02:00,1562.102532,1562.102532,84.8,25.0,XPAR
2019-10-01 09:26:20.292098+02:00,1562.102532,1562.1025330000002,84.8,61.0,XPAR
2019-10-01 09:26:20.292849+02:00,1562.103283,1562.103283,84.81,59.0,XPAR
2019-10-01 09:26:20.292849+02:00,1562.103283,1562.103284,84.81,11.0,XPAR
2019-10-01 09:26:20.292973+02:00,1562.103407,1562.103407,84.81,43.0,XPAR
2019-10-01 09:26:20.293059+02:00,1562.103493,1562.103493,84.81,30.0,XPAR
2019-10-01 09:26:20.293059+02:00,1562.103493,1562.1034940000002,84.81,40.0,XPAR
2019-10-01 09:26:31.203442+02:00,1573.013876,1573.013876,84.78,3.0,XPAR
2019-10-01 09:26:31.206755+02:00,1573.017189,1573.017189,84.78,1.0,XPAR
2019-10-01 09:26:32.899322+02:00,1574.709756,1574.709756,84.79,150.0,XPAR
2019-10-01 09:26:39.561688+02:00,1581.372122,1581.372122,84.8,59.0,XPAR
2019-10-01 09:26:39.561688+02:00,1581.372122,1581.372123,84.8,41.0,XPAR
2019-10-01 09:26:50.159873+02:00,1591.970307,1591.970307,84.76,150.0,XPAR
2019-10-01 09:26:50.162791+02:00,1591.973225,1591.973225,84.76,150.0,XPAR
2019-10-01 09:26:58.856709+02:00,1600.667143,1600.667143,84.78,98.0,XPAR
2019-10-01 09:26:58.856709+02:00,1600.667143,1600.667144,84.78,59.0,XPAR
2019-10-01 09:27:14.528320+02:00,1616.338754,1616.338754,84.78,16.0,XPAR
2019-10-01 09:27:15.143894+02:00,1616.954328,1616.954328,84.78,59.0,XPAR
2019-10-01 09:27:15.143894+02:00,1616.954328,1616.9543290000001,84.78,46.0,XPAR
2019-10-01 09:27:15.144584+02:00,1616.955018,1616.955018,84.79,97.0,XPAR
2019-10-01 09:27:15.144584+02:00,1616.955018,1616.9550190000002,84.79,59.0,XPAR
2019-10-01 09:27:15.200632+02:00,1617.011066,1617.011066,84.8,150.0,XPAR
2019-10-01 09:27:15.644045+02:00,1617.454479,1617.454479,84.8,65.0,XPAR
2019-10-01 09:27:20.186159+02:00,1621.996593,1621.996593,84.82,59.0,XPAR
2019-10-01 09:27:20.186159+02:00,1621.996593,1621.9965940000002,84.82,20.0,XPAR
2019-10-01 09:27:20.236243+02:00,1622.046677,1622.046677,84.8,150.0,XPAR
2019-10-01 09:27:20.291538+02:00,1622.101972,1622.101972,84.8,44.0,XPAR
2019-10-01 09:27:20.291634+02:00,1622.102068,1622.102068,84.8,78.0,XPAR
2019-10-01 09:27:41.454702+02:00,1643.265136,1643.265136,84.81,253.0,XPAR
2019-10-01 09:27:42.025518+02:00,1643.835952,1643.835952,84.82,48.0,XPAR
2019-10-01 09:27:42.025518+02:00,1643.835952,1643.835953,84.82,311.0,XPAR
2019-10-01 09:27:42.026843+02:00,1643.837277,1643.837277,84.83,78.0,XPAR
2019-10-01 09:27:42.026843+02:00,1643.837277,1643.8372780000002,84.83,125.0,XPAR
2019-10-01 09:27:42.026843+02:00,1643.837277,1643.837279,84.83,9.0,XPAR
2019-10-01 09:27:42.039183+02:00,1643.849617,1643.849617,84.82,26.0,XPAR
2019-10-01 09:27:43.465229+02:00,1645.275663,1645.275663,84.84,99.0,XPAR
2019-10-01 09:27:43.465371+02:00,1645.275805,1645.275805,84.84,100.0,XPAR
2019-10-01 09:27:43.465371+02:00,1645.275805,1645.275806,84.84,59.0,XPAR
2019-10-01 09:27:45.686960+02:00,1647.497394,1647.497394,84.84,144.0,XPAR
2019-10-01 09:27:45.688073+02:00,1647.498507,1647.498507,84.84,144.0,XPAR
2019-10-01 09:27:46.003623+02:00,1647.814057,1647.814057,84.84,65.0,XPAR
2019-10-01 09:27:46.003623+02:00,1647.814057,1647.8140580000002,84.84,8.0,XPAR
2019-10-01 09:27:54.576365+02:00,1656.386799,1656.386799,84.83,65.0,XPAR
2019-10-01 09:27:54.576365+02:00,1656.386799,1656.3868000000002,84.83,85.0,XPAR
2019-10-01 09:27:54.576365+02:00,1656.386799,1656.386801,84.83,150.0,XPAR
2019-10-01 09:27:54.675362+02:00,1656.485796,1656.485796,84.83,41.0,XPAR
2019-10-01 09:27:54.675362+02:00,1656.485796,1656.485797,84.83,12.0,XPAR
2019-10-01 09:27:56.108145+02:00,1657.918579,1657.918579,84.83,35.0,XPAR
2019-10-01 09:27:57.201617+02:00,1659.012051,1659.012051,84.83,41.0,XPAR
2019-10-01 09:28:04.807616+02:00,1666.61805,1666.61805,84.83,71.0,XPAR
2019-10-01 09:28:12.240291+02:00,1674.050725,1674.050725,84.83,8.0,XPAR
2019-10-01 09:28:12.240291+02:00,1674.050725,1674.0507260000002,84.83,98.0,XPAR
2019-10-01 09:28:12.240291+02:00,1674.050725,1674.050727,84.83,43.0,XPAR
2019-10-01 09:28:12.240291+02:00,1674.050725,1674.0507280000002,84.83,1.0,XPAR
2019-10-01 09:28:12.240500+02:00,1674.050934,1674.050934,84.83,47.0,XPAR
2019-10-01 09:28:12.240549+02:00,1674.050983,1674.050983,84.83,46.0,XPAR
2019-10-01 09:28:12.269934+02:00,1674.080368,1674.080368,84.85,51.0,XPAR
2019-10-01 09:28:12.270091+02:00,1674.080525,1674.080525,84.85,8.0,XPAR
2019-10-01 09:28:28.068044+02:00,1689.878478,1689.878478,84.85,44.0,XPAR
2019-10-01 09:28:28.073627+02:00,1689.884061,1689.884061,84.87,110.0,XPAR
2019-10-01 09:28:28.073627+02:00,1689.884061,1689.884062,84.87,31.0,XPAR
2019-10-01 09:28:28.073757+02:00,1689.884191,1689.884191,84.87,28.0,XPAR
2019-10-01 09:28:38.355035+02:00,1700.165469,1700.165469,84.81,25.0,XPAR
2019-10-01 09:28:40.498783+02:00,1702.309217,1702.309217,84.81,65.0,XPAR
2019-10-01 09:28:40.498783+02:00,1702.309217,1702.309218,84.81,11.0,XPAR
2019-10-01 09:28:45.409662+02:00,1707.220096,1707.220096,84.82,39.0,XPAR
2019-10-01 09:28:45.409662+02:00,1707.220096,1707.2200970000001,84.82,150.0,XPAR
2019-10-01 09:28:46.467605+02:00,1708.278039,1708.278039,84.83,97.0,XPAR
2019-10-01 09:29:04.879434+02:00,1726.689868,1726.689868,84.78,100.0,XPAR
2019-10-01 09:29:07.914336+02:00,1729.72477,1729.72477,84.78,48.0,XPAR
2019-10-01 09:30:09.781067+02:00,1791.591501,1791.591501,84.75,150.0,XPAR
2019-10-01 09:30:09.791205+02:00,1791.601639,1791.601639,84.73,150.0,XPAR
2019-10-01 09:30:09.997367+02:00,1791.807801,1791.807801,84.75,150.0,XPAR
2019-10-01 09:30:09.997367+02:00,1791.807801,1791.807802,84.75,13.0,XPAR
2019-10-01 09:30:09.997367+02:00,1791.807801,1791.807803,84.75,56.0,XPAR
2019-10-01 09:30:15.304168+02:00,1797.114602,1797.114602,84.75,57.0,XPAR
2019-10-01 09:30:15.304168+02:00,1797.114602,1797.1146030000002,84.75,143.0,XPAR
2019-10-01 09:30:18.015637+02:00,1799.826071,1799.826071,84.75,49.0,XPAR
2019-10-01 09:30:18.015637+02:00,1799.826071,1799.826072,84.75,54.0,XPAR
2019-10-01 09:30:20.806616+02:00,1802.61705,1802.61705,84.75,34.0,XPAR
2019-10-01 09:30:27.324039+02:00,1809.134473,1809.134473,84.69,150.0,XPAR
2019-10-01 09:30:27.324394+02:00,1809.134828,1809.134828,84.7,6.0,XPAR
2019-10-01 09:30:27.324394+02:00,1809.134828,1809.134829,84.7,94.0,XPAR
2019-10-01 09:30:27.498060+02:00,1809.308494,1809.308494,84.71,29.0,XPAR
2019-10-01 09:30:27.498150+02:00,1809.308584,1809.308584,84.71,87.0,XPAR
2019-10-01 09:30:28.282041+02:00,1810.092475,1810.092475,84.72,25.0,XPAR
2019-10-01 09:30:28.282041+02:00,1810.092475,1810.092476,84.72,150.0,XPAR
2019-10-01 09:30:29.148118+02:00,1810.958552,1810.958552,84.73,41.0,XPAR
2019-10-01 09:30:50.214345+02:00,1832.024779,1832.024779,84.71,150.0,XPAR
2019-10-01 09:30:50.214345+02:00,1832.024779,1832.0247800000002,84.71,44.0,XPAR
2019-10-01 09:30:50.214345+02:00,1832.024779,1832.024781,84.71,57.0,XPAR
2019-10-01 09:30:50.214611+02:00,1832.025045,1832.025045,84.71,58.0,XPAR
2019-10-01 09:30:50.214611+02:00,1832.025045,1832.0250460000002,84.71,3.0,XPAR
2019-10-01 09:30:50.214611+02:00,1832.025045,1832.025047,84.71,20.0,XPAR
2019-10-01 09:30:50.276934+02:00,1832.087368,1832.087368,84.72,27.0,XPAR
2019-10-01 09:30:50.276934+02:00,1832.087368,1832.087369,84.72,13.0,XPAR
2019-10-01 09:30:50.276934+02:00,1832.087368,1832.08737,84.72,60.0,XPAR
2019-10-01 09:30:56.384118+02:00,1838.194552,1838.194552,84.71,30.0,XPAR
2019-10-01 09:31:04.549246+02:00,1846.35968,1846.35968,84.71,60.0,XPAR
2019-10-01 09:31:04.549472+02:00,1846.359906,1846.359906,84.72,60.0,XPAR
2019-10-01 09:31:04.549472+02:00,1846.359906,1846.359907,84.72,32.0,XPAR
2019-10-01 09:31:04.549472+02:00,1846.359906,1846.359908,84.72,47.0,XPAR
2019-10-01 09:31:04.549472+02:00,1846.359906,1846.359909,84.72,113.0,XPAR
2019-10-01 09:31:04.549472+02:00,1846.359906,1846.35991,84.72,13.0,XPAR
2019-10-01 09:31:04.549472+02:00,1846.359906,1846.359911,84.72,13.0,XPAR
2019-10-01 09:31:24.577017+02:00,1866.387451,1866.387451,84.72,100.0,XPAR
2019-10-01 09:31:30.302063+02:00,1872.112497,1872.112497,84.72,5.0,XPAR
2019-10-01 09:31:30.302063+02:00,1872.112497,1872.1124980000002,84.72,46.0,XPAR
2019-10-01 09:31:30.302063+02:00,1872.112497,1872.112499,84.72,49.0,XPAR
2019-10-01 09:31:39.132713+02:00,1880.943147,1880.943147,84.71,39.0,XPAR
2019-10-01 09:31:39.132713+02:00,1880.943147,1880.943148,84.71,60.0,XPAR
2019-10-01 09:31:59.648753+02:00,1901.459187,1901.459187,84.69,60.0,XPAR
2019-10-01 09:31:59.648753+02:00,1901.459187,1901.459188,84.69,150.0,XPAR
2019-10-01 09:32:15.144204+02:00,1916.954638,1916.954638,84.69,18.0,XPAR
2019-10-01 09:32:15.144306+02:00,1916.95474,1916.95474,84.69,83.0,XPAR
2019-10-01 09:32:15.144306+02:00,1916.95474,1916.954741,84.69,8.0,XPAR
2019-10-01 09:32:15.144306+02:00,1916.95474,1916.954742,84.69,13.0,XPAR
2019-10-01 09:32:15.144306+02:00,1916.95474,1916.954743,84.69,60.0,XPAR
2019-10-01 09:32:16.010948+02:00,1917.821382,1917.821382,84.7,73.0,XPAR
2019-10-01 09:32:16.010948+02:00,1917.821382,1917.8213830000002,84.7,71.0,XPAR
2019-10-01 09:32:16.012038+02:00,1917.822472,1917.822472,84.71,48.0,XPAR
2019-10-01 09:32:16.012038+02:00,1917.822472,1917.8224730000002,84.71,45.0,XPAR
2019-10-01 09:32:16.012110+02:00,1917.822544,1917.822544,84.71,15.0,XPAR
2019-10-01 09:32:16.012110+02:00,1917.822544,1917.8225450000002,84.71,41.0,XPAR
2019-10-01 09:32:21.287400+02:00,1923.097834,1923.097834,84.71,17.0,XPAR
2019-10-01 09:32:22.015829+02:00,1923.826263,1923.826263,84.71,150.0,XPAR
2019-10-01 09:32:30.374115+02:00,1932.184549,1932.184549,84.7,45.0,XPAR
2019-10-01 09:32:30.374115+02:00,1932.184549,1932.1845500000002,84.7,55.0,XPAR
2019-10-01 09:32:30.374115+02:00,1932.184549,1932.184551,84.7,150.0,XPAR
2019-10-01 09:32:30.374115+02:00,1932.184549,1932.1845520000002,84.7,150.0,XPAR
2019-10-01 09:32:54.803886+02:00,1956.61432,1956.61432,84.7,12.0,XPAR
2019-10-01 09:32:54.803886+02:00,1956.61432,1956.614321,84.7,60.0,XPAR
2019-10-01 09:32:54.803886+02:00,1956.61432,1956.614322,84.71,34.0,XPAR
2019-10-01 09:33:02.611946+02:00,1964.42238,1964.42238,84.7,34.0,XPAR
2019-10-01 09:33:11.723538+02:00,1973.533972,1973.533972,84.69,46.0,XPAR
2019-10-01 09:33:11.723538+02:00,1973.533972,1973.533973,84.69,60.0,XPAR
2019-10-01 09:33:11.723538+02:00,1973.533972,1973.533974,84.69,33.0,XPAR
2019-10-01 09:33:11.723651+02:00,1973.534085,1973.534085,84.69,29.0,XPAR
2019-10-01 09:33:11.726042+02:00,1973.536476,1973.536476,84.7,44.0,XPAR
2019-10-01 09:33:11.726042+02:00,1973.536476,1973.536477,84.7,65.0,XPAR
2019-10-01 09:33:11.726042+02:00,1973.536476,1973.536478,84.7,60.0,XPAR
2019-10-01 09:33:13.257479+02:00,1975.067913,1975.067913,84.7,45.0,XPAR
2019-10-01 09:33:16.958602+02:00,1978.769036,1978.769036,84.68,41.0,XPAR
2019-10-01 09:33:28.247766+02:00,1990.0582,1990.0582,84.66,65.0,XPAR
2019-10-01 09:33:29.668653+02:00,1991.479087,1991.479087,84.68,50.0,XPAR
2019-10-01 09:33:29.668653+02:00,1991.479087,1991.479088,84.68,55.0,XPAR
2019-10-01 09:33:29.668653+02:00,1991.479087,1991.479089,84.68,44.0,XPAR
2019-10-01 09:33:29.847487+02:00,1991.657921,1991.657921,84.69,36.0,XPAR
2019-10-01 09:33:31.831635+02:00,1993.642069,1993.642069,84.7,150.0,XPAR
2019-10-01 09:33:31.831635+02:00,1993.642069,1993.64207,84.7,150.0,XPAR
2019-10-01 09:33:31.831635+02:00,1993.642069,1993.642071,84.7,40.0,XPAR
2019-10-01 09:33:31.831635+02:00,1993.642069,1993.642072,84.7,60.0,XPAR
2019-10-01 09:33:31.831635+02:00,1993.642069,1993.642073,84.7,13.0,XPAR
2019-10-01 09:33:39.826604+02:00,2001.637038,2001.637038,84.69,28.0,XPAR
2019-10-01 09:33:39.960390+02:00,2001.770824,2001.770824,84.69,100.0,XPAR
2019-10-01 09:33:41.183840+02:00,2002.994274,2002.994274,84.69,20.0,XPAR
2019-10-01 09:33:41.183840+02:00,2002.994274,2002.994275,84.69,40.0,XPAR
2019-10-01 09:33:48.471192+02:00,2010.281626,2010.281626,84.7,20.0,XPAR
2019-10-01 09:33:48.471192+02:00,2010.281626,2010.281627,84.7,51.0,XPAR
2019-10-01 09:33:50.277362+02:00,2012.087796,2012.087796,84.7,22.0,XPAR
2019-10-01 09:33:50.277362+02:00,2012.087796,2012.0877970000001,84.7,24.0,XPAR
2019-10-01 09:34:09.899550+02:00,2031.709984,2031.709984,84.7,49.0,XPAR
2019-10-01 09:34:09.899550+02:00,2031.709984,2031.7099850000002,84.7,60.0,XPAR
2019-10-01 09:34:09.899550+02:00,2031.709984,2031.709986,84.7,41.0,XPAR
2019-10-01 09:35:04.674133+02:00,2086.484567,2086.484567,84.61,100.0,XPAR
2019-10-01 09:35:11.108434+02:00,2092.918868,2092.918868,84.61,137.0,XPAR
2019-10-01 09:35:11.108434+02:00,2092.918868,2092.918869,84.61,150.0,XPAR
2019-10-01 09:35:11.108434+02:00,2092.918868,2092.9188700000004,84.61,46.0,XPAR
2019-10-01 09:35:43.660824+02:00,2125.471258,2125.471258,84.54,70.0,XPAR
2019-10-01 09:35:44.997106+02:00,2126.80754,2126.80754,84.55,150.0,XPAR
2019-10-01 09:35:44.997106+02:00,2126.80754,2126.8075409999997,84.55,7.0,XPAR
2019-10-01 09:35:44.997106+02:00,2126.80754,2126.807542,84.55,43.0,XPAR
2019-10-01 09:35:44.997301+02:00,2126.807735,2126.807735,84.55,53.0,XPAR
2019-10-01 09:35:45.007636+02:00,2126.81807,2126.81807,84.55,100.0,XPAR
2019-10-01 09:35:45.007721+02:00,2126.818155,2126.818155,84.55,48.0,XPAR
2019-10-01 09:36:00.336040+02:00,2142.146474,2142.146474,84.53,100.0,XPAR
2019-10-01 09:36:00.336155+02:00,2142.146589,2142.146589,84.53,50.0,XPAR
2019-10-01 09:36:00.573997+02:00,2142.384431,2142.384431,84.54,10.0,XPAR
2019-10-01 09:36:00.573997+02:00,2142.384431,2142.384432,84.54,60.0,XPAR
2019-10-01 09:36:01.854160+02:00,2143.664594,2143.664594,84.55,74.0,XPAR
2019-10-01 09:36:01.854160+02:00,2143.664594,2143.6645949999997,84.55,19.0,XPAR
2019-10-01 09:36:01.854160+02:00,2143.664594,2143.664596,84.55,55.0,XPAR
2019-10-01 09:36:01.854160+02:00,2143.664594,2143.664597,84.55,26.0,XPAR
2019-10-01 09:36:01.854160+02:00,2143.664594,2143.664598,84.55,60.0,XPAR
2019-10-01 09:36:01.854160+02:00,2143.664594,2143.6645989999997,84.55,241.0,XPAR
2019-10-01 09:36:01.854160+02:00,2143.664594,2143.6646,84.55,24.0,XPAR
2019-10-01 09:36:01.854160+02:00,2143.664594,2143.664601,84.55,252.0,XPAR
2019-10-01 09:36:20.413984+02:00,2162.224418,2162.224418,84.52,100.0,XPAR
2019-10-01 09:36:20.414678+02:00,2162.225112,2162.225112,84.52,14.0,XPAR
2019-10-01 09:36:21.311708+02:00,2163.122142,2163.122142,84.53,57.0,XPAR
2019-10-01 09:36:21.311708+02:00,2163.122142,2163.122143,84.53,65.0,XPAR
2019-10-01 09:36:21.311866+02:00,2163.1223,2163.1223,84.54,84.0,XPAR
2019-10-01 09:36:21.311866+02:00,2163.1223,2163.122301,84.54,150.0,XPAR
2019-10-01 09:36:21.311866+02:00,2163.1223,2163.122302,84.54,40.0,XPAR
2019-10-01 09:36:21.311866+02:00,2163.1223,2163.122303,84.54,26.0,XPAR
2019-10-01 09:36:21.311866+02:00,2163.1223,2163.122304,84.54,60.0,XPAR
2019-10-01 09:36:28.887689+02:00,2170.698123,2170.698123,84.55,22.0,XPAR
2019-10-01 09:36:30.258940+02:00,2172.069374,2172.069374,84.56,60.0,XPAR
2019-10-01 09:36:30.258940+02:00,2172.069374,2172.069375,84.56,140.0,XPAR
2019-10-01 09:36:44.355399+02:00,2186.165833,2186.165833,84.53,50.0,XPAR
2019-10-01 09:36:50.439769+02:00,2192.250203,2192.250203,84.53,123.0,XPAR
2019-10-01 09:36:50.439900+02:00,2192.250334,2192.250334,84.53,27.0,XPAR
2019-10-01 09:36:51.513828+02:00,2193.324262,2193.324262,84.54,48.0,XPAR
2019-10-01 09:36:52.448852+02:00,2194.259286,2194.259286,84.53,108.0,XPAR
2019-10-01 09:36:52.448942+02:00,2194.259376,2194.259376,84.53,42.0,XPAR
2019-10-01 09:36:56.902369+02:00,2198.712803,2198.712803,84.52,67.0,XPAR
2019-10-01 09:37:10.603748+02:00,2212.414182,2212.414182,84.51,14.0,XPAR
2019-10-01 09:37:20.251121+02:00,2222.061555,2222.061555,84.52,60.0,XPAR
2019-10-01 09:37:20.251121+02:00,2222.061555,2222.061556,84.52,10.0,XPAR
2019-10-01 09:37:20.251121+02:00,2222.061555,2222.0615570000004,84.52,44.0,XPAR
2019-10-01 09:37:20.251121+02:00,2222.061555,2222.0615580000003,84.52,44.0,XPAR
2019-10-01 09:37:20.251626+02:00,2222.06206,2222.06206,84.53,68.0,XPAR
2019-10-01 09:37:20.251675+02:00,2222.062109,2222.062109,84.53,7.0,XPAR
2019-10-01 09:37:20.684002+02:00,2222.494436,2222.494436,84.54,253.0,XPAR
2019-10-01 09:37:20.684002+02:00,2222.494436,2222.494437,84.54,21.0,XPAR
2019-10-01 09:37:25.810400+02:00,2227.620834,2227.620834,84.51,150.0,XPAR
2019-10-01 09:37:30.141647+02:00,2231.952081,2231.952081,84.51,65.0,XPAR
2019-10-01 09:37:30.141647+02:00,2231.952081,2231.952082,84.51,135.0,XPAR
2019-10-01 09:37:30.141778+02:00,2231.952212,2231.952212,84.51,15.0,XPAR
2019-10-01 09:37:30.141778+02:00,2231.952212,2231.952213,84.51,47.0,XPAR
2019-10-01 09:37:57.703025+02:00,2259.513459,2259.513459,84.5,145.0,XPAR
2019-10-01 09:37:57.703116+02:00,2259.51355,2259.51355,84.5,5.0,XPAR
2019-10-01 09:38:07.003089+02:00,2268.813523,2268.813523,84.5,25.0,XPAR
2019-10-01 09:38:07.003999+02:00,2268.814433,2268.814433,84.5,14.0,XPAR
2019-10-01 09:38:12.677992+02:00,2274.488426,2274.488426,84.52,111.0,XPAR
2019-10-01 09:38:12.677992+02:00,2274.488426,2274.488427,84.52,126.0,XPAR
2019-10-01 09:38:12.678022+02:00,2274.488456,2274.488456,84.52,65.0,XPAR
2019-10-01 09:38:12.678022+02:00,2274.488456,2274.488457,84.52,39.0,XPAR
2019-10-01 09:38:12.678022+02:00,2274.488456,2274.4884580000003,84.52,52.0,XPAR
2019-10-01 09:38:12.678079+02:00,2274.488513,2274.488513,84.52,88.0,XPAR
2019-10-01 09:38:12.680729+02:00,2274.491163,2274.491163,84.53,51.0,XPAR
2019-10-01 09:38:12.680729+02:00,2274.491163,2274.491164,84.53,161.0,XPAR
2019-10-01 09:38:12.680897+02:00,2274.491331,2274.491331,84.53,45.0,XPAR
2019-10-01 09:38:20.442590+02:00,2282.253024,2282.253024,84.52,25.0,XPAR
2019-10-01 09:38:20.442590+02:00,2282.253024,2282.253025,84.52,150.0,XPAR
2019-10-01 09:38:20.442590+02:00,2282.253024,2282.2530260000003,84.52,25.0,XPAR
2019-10-01 09:38:39.187306+02:00,2300.99774,2300.99774,84.51,100.0,XPAR
2019-10-01 09:38:39.187306+02:00,2300.99774,2300.9977409999997,84.51,14.0,XPAR
2019-10-01 09:38:50.549134+02:00,2312.359568,2312.359568,84.52,61.0,XPAR
2019-10-01 09:38:50.549134+02:00,2312.359568,2312.3595689999997,84.52,8.0,XPAR
2019-10-01 09:38:50.657788+02:00,2312.468222,2312.468222,84.52,72.0,XPAR
2019-10-01 09:38:50.657872+02:00,2312.468306,2312.468306,84.52,78.0,XPAR
2019-10-01 09:39:04.980811+02:00,2326.791245,2326.791245,84.49,100.0,XPAR
2019-10-01 09:39:57.359215+02:00,2379.169649,2379.169649,84.51,55.0,XPAR
2019-10-01 09:39:57.359312+02:00,2379.169746,2379.169746,84.51,79.0,XPAR
2019-10-01 09:39:57.359312+02:00,2379.169746,2379.169747,84.51,95.0,XPAR
2019-10-01 09:39:57.359312+02:00,2379.169746,2379.1697480000003,84.51,72.0,XPAR
2019-10-01 09:39:57.359312+02:00,2379.169746,2379.169749,84.51,50.0,XPAR
2019-10-01 09:39:57.359312+02:00,2379.169746,2379.16975,84.51,18.0,XPAR
2019-10-01 09:39:57.359312+02:00,2379.169746,2379.169751,84.51,142.0,XPAR
2019-10-01 09:39:57.364915+02:00,2379.175349,2379.175349,84.51,17.0,XPAR
2019-10-01 09:39:57.801924+02:00,2379.612358,2379.612358,84.53,150.0,XPAR
2019-10-01 09:39:57.801924+02:00,2379.612358,2379.6123589999997,84.53,1.0,XPAR
2019-10-01 09:39:57.803048+02:00,2379.613482,2379.613482,84.54,50.0,XPAR
2019-10-01 09:41:01.249033+02:00,2443.059467,2443.059467,84.57,57.0,XPAR
2019-10-01 09:41:01.249033+02:00,2443.059467,2443.059468,84.57,105.0,XPAR
2019-10-01 09:41:03.616963+02:00,2445.427397,2445.427397,84.59,79.0,XPAR
2019-10-01 09:41:03.617105+02:00,2445.427539,2445.427539,84.59,137.0,XPAR
2019-10-01 09:41:03.633323+02:00,2445.443757,2445.443757,84.59,26.0,XPAR
2019-10-01 09:41:03.754677+02:00,2445.565111,2445.565111,84.6,120.0,XPAR
2019-10-01 09:41:24.282518+02:00,2466.092952,2466.092952,84.61,65.0,XPAR
2019-10-01 09:41:24.282518+02:00,2466.092952,2466.092953,84.61,62.0,XPAR
2019-10-01 09:41:24.284277+02:00,2466.094711,2466.094711,84.61,2.0,XPAR
2019-10-01 09:41:24.284277+02:00,2466.094711,2466.094712,84.61,97.0,XPAR
2019-10-01 09:41:33.962096+02:00,2475.77253,2475.77253,84.63,123.0,XPAR
2019-10-01 09:41:33.962096+02:00,2475.77253,2475.772531,84.63,11.0,XPAR
2019-10-01 09:41:47.056413+02:00,2488.866847,2488.866847,84.68,66.0,XPAR
2019-10-01 09:41:47.056413+02:00,2488.866847,2488.8668479999997,84.68,20.0,XPAR
2019-10-01 09:41:47.056413+02:00,2488.866847,2488.866849,84.68,78.0,XPAR
2019-10-01 09:41:47.056673+02:00,2488.867107,2488.867107,84.68,150.0,XPAR
2019-10-01 09:42:31.656473+02:00,2533.466907,2533.466907,84.66,34.0,XPAR
2019-10-01 09:43:07.640601+02:00,2569.451035,2569.451035,84.64,64.0,XPAR
2019-10-01 09:43:20.534319+02:00,2582.344753,2582.344753,84.65,160.0,XPAR
2019-10-01 09:43:20.534319+02:00,2582.344753,2582.3447539999997,84.65,62.0,XPAR
2019-10-01 09:43:20.534319+02:00,2582.344753,2582.344755,84.65,129.0,XPAR
2019-10-01 09:43:20.534693+02:00,2582.345127,2582.345127,84.66,75.0,XPAR
2019-10-01 09:43:20.534693+02:00,2582.345127,2582.345128,84.66,60.0,XPAR
2019-10-01 09:43:44.769439+02:00,2606.579873,2606.579873,84.66,150.0,XPAR
2019-10-01 09:43:44.769439+02:00,2606.579873,2606.579874,84.66,80.0,XPAR
2019-10-01 09:43:44.769439+02:00,2606.579873,2606.5798750000004,84.66,60.0,XPAR
2019-10-01 09:43:44.770309+02:00,2606.580743,2606.580743,84.67,29.0,XPAR
2019-10-01 09:43:44.770309+02:00,2606.580743,2606.580744,84.67,61.0,XPAR
2019-10-01 09:43:44.776939+02:00,2606.587373,2606.587373,84.68,128.0,XPAR
2019-10-01 09:43:45.090302+02:00,2606.900736,2606.900736,84.67,100.0,XPAR
2019-10-01 09:43:46.789874+02:00,2608.600308,2608.600308,84.66,142.0,XPAR
2019-10-01 09:43:46.789989+02:00,2608.600423,2608.600423,84.66,8.0,XPAR
2019-10-01 09:45:03.809847+02:00,2685.620281,2685.620281,84.6,112.0,XPAR
2019-10-01 09:45:11.182957+02:00,2692.993391,2692.993391,84.6,51.0,XPAR
2019-10-01 09:45:11.183045+02:00,2692.993479,2692.993479,84.6,165.0,XPAR
2019-10-01 09:45:11.183045+02:00,2692.993479,2692.99348,84.6,84.0,XPAR
2019-10-01 09:45:11.183917+02:00,2692.994351,2692.994351,84.61,14.0,XPAR
2019-10-01 09:45:11.185446+02:00,2692.99588,2692.99588,84.63,147.0,XPAR
2019-10-01 09:45:11.897900+02:00,2693.708334,2693.708334,84.64,132.0,XPAR
2019-10-01 09:45:13.377983+02:00,2695.188417,2695.188417,84.66,33.0,XPAR
2019-10-01 09:45:13.399718+02:00,2695.210152,2695.210152,84.67,150.0,XPAR
2019-10-01 09:45:44.619447+02:00,2726.429881,2726.429881,84.62,10.0,XPAR
2019-10-01 09:45:45.724397+02:00,2727.534831,2727.534831,84.61,22.0,XPAR
2019-10-01 09:45:50.503271+02:00,2732.313705,2732.313705,84.61,25.0,XPAR
2019-10-01 09:45:55.041776+02:00,2736.85221,2736.85221,84.6,100.0,XPAR
2019-10-01 09:46:17.200826+02:00,2759.01126,2759.01126,84.55,47.0,XPAR
2019-10-01 09:46:37.459915+02:00,2779.270349,2779.270349,84.53,40.0,XPAR
2019-10-01 09:46:37.562067+02:00,2779.372501,2779.372501,84.55,112.0,XPAR
2019-10-01 09:46:37.562067+02:00,2779.372501,2779.3725019999997,84.55,78.0,XPAR
2019-10-01 09:46:42.280846+02:00,2784.09128,2784.09128,84.56,61.0,XPAR
2019-10-01 09:47:00.390534+02:00,2802.200968,2802.200968,84.58,300.0,XPAR
2019-10-01 09:47:00.390649+02:00,2802.201083,2802.201083,84.58,40.0,XPAR
2019-10-01 09:47:31.284132+02:00,2833.094566,2833.094566,84.59,59.0,XPAR
2019-10-01 09:48:13.203591+02:00,2875.014025,2875.014025,84.61,150.0,XPAR
2019-10-01 09:48:21.684740+02:00,2883.495174,2883.495174,84.63,11.0,XPAR
2019-10-01 09:48:26.797776+02:00,2888.60821,2888.60821,84.63,59.0,XPAR
2019-10-01 09:48:26.798652+02:00,2888.609086,2888.609086,84.64,35.0,XPAR
2019-10-01 09:48:45.513387+02:00,2907.323821,2907.323821,84.64,150.0,XPAR
2019-10-01 09:48:45.513387+02:00,2907.323821,2907.323822,84.64,13.0,XPAR
2019-10-01 09:49:03.660711+02:00,2925.471145,2925.471145,84.63,144.0,XPAR
2019-10-01 09:49:03.660711+02:00,2925.471145,2925.471146,84.63,61.0,XPAR
2019-10-01 09:49:03.662032+02:00,2925.472466,2925.472466,84.63,32.0,XPAR
2019-10-01 09:49:47.605490+02:00,2969.415924,2969.415924,84.62,14.0,XPAR
2019-10-01 09:49:54.927171+02:00,2976.737605,2976.737605,84.61,67.0,XPAR
2019-10-01 09:49:54.928897+02:00,2976.739331,2976.739331,84.62,115.0,XPAR
2019-10-01 09:50:36.705635+02:00,3018.516069,3018.516069,84.57,21.0,XPAR
2019-10-01 09:50:44.552016+02:00,3026.36245,3026.36245,84.59,65.0,XPAR
2019-10-01 09:50:49.971487+02:00,3031.781921,3031.781921,84.6,91.0,XPAR
2019-10-01 09:50:49.971584+02:00,3031.782018,3031.782018,84.6,29.0,XPAR
2019-10-01 09:51:05.802958+02:00,3047.613392,3047.613392,84.62,88.0,XPAR
2019-10-01 09:51:05.803065+02:00,3047.613499,3047.613499,84.62,72.0,XPAR
2019-10-01 09:51:05.803065+02:00,3047.613499,3047.6135,84.62,138.0,XPAR
2019-10-01 09:51:05.803065+02:00,3047.613499,3047.6135010000003,84.62,150.0,XPAR
2019-10-01 09:51:05.803065+02:00,3047.613499,3047.613502,84.62,62.0,XPAR
2019-10-01 09:51:05.803065+02:00,3047.613499,3047.613503,84.62,189.0,XPAR
2019-10-01 09:51:05.803947+02:00,3047.614381,3047.614381,84.62,67.0,XPAR
2019-10-01 09:51:42.081713+02:00,3083.892147,3083.892147,84.65,150.0,XPAR
2019-10-01 09:51:44.016298+02:00,3085.826732,3085.826732,84.67,67.0,XPAR
2019-10-01 09:51:44.016347+02:00,3085.826781,3085.826781,84.68,110.0,XPAR
2019-10-01 09:51:44.016347+02:00,3085.826781,3085.826782,84.68,165.0,XPAR
2019-10-01 09:51:44.016347+02:00,3085.826781,3085.8267830000004,84.68,71.0,XPAR
2019-10-01 09:51:44.017151+02:00,3085.827585,3085.827585,84.68,9.0,XPAR
2019-10-01 09:51:44.017240+02:00,3085.827674,3085.827674,84.68,141.0,XPAR
2019-10-01 09:51:45.924553+02:00,3087.734987,3087.734987,84.69,149.0,XPAR
2019-10-01 09:51:45.924595+02:00,3087.735029,3087.735029,84.69,1.0,XPAR
2019-10-01 09:52:02.957976+02:00,3104.76841,3104.76841,84.67,14.0,XPAR
2019-10-01 09:52:02.958068+02:00,3104.768502,3104.768502,84.67,136.0,XPAR
2019-10-01 09:52:24.392002+02:00,3126.202436,3126.202436,84.7,36.0,XPAR
2019-10-01 09:52:40.459373+02:00,3142.269807,3142.269807,84.75,150.0,XPAR
2019-10-01 09:52:54.710026+02:00,3156.52046,3156.52046,84.73,140.0,XPAR
2019-10-01 09:52:54.815274+02:00,3156.625708,3156.625708,84.74,150.0,XPAR
2019-10-01 09:52:57.903920+02:00,3159.714354,3159.714354,84.76,150.0,XPAR
2019-10-01 09:52:57.903920+02:00,3159.714354,3159.714355,84.76,65.0,XPAR
2019-10-01 09:53:30.096967+02:00,3191.907401,3191.907401,84.77,64.0,XPAR
2019-10-01 09:53:30.096967+02:00,3191.907401,3191.907402,84.77,150.0,XPAR
2019-10-01 09:53:37.921542+02:00,3199.731976,3199.731976,84.79,80.0,XPAR
2019-10-01 09:53:37.921542+02:00,3199.731976,3199.731977,84.8,150.0,XPAR
2019-10-01 09:53:37.921542+02:00,3199.731976,3199.7319780000003,84.81,80.0,XPAR
2019-10-01 09:53:50.127169+02:00,3211.937603,3211.937603,84.8,150.0,XPAR
2019-10-01 09:53:50.127169+02:00,3211.937603,3211.9376039999997,84.8,100.0,XPAR
2019-10-01 09:54:10.421926+02:00,3232.23236,3232.23236,84.76,36.0,XPAR
2019-10-01 09:54:10.523571+02:00,3232.334005,3232.334005,84.78,61.0,XPAR
2019-10-01 09:54:10.523571+02:00,3232.334005,3232.334006,84.78,150.0,XPAR
2019-10-01 09:54:10.674635+02:00,3232.485069,3232.485069,84.76,88.0,XPAR
2019-10-01 09:54:10.675063+02:00,3232.485497,3232.485497,84.77,150.0,XPAR
2019-10-01 09:54:10.675947+02:00,3232.486381,3232.486381,84.78,16.0,XPAR
2019-10-01 09:54:10.675947+02:00,3232.486381,3232.486382,84.78,150.0,XPAR
2019-10-01 09:54:10.685665+02:00,3232.496099,3232.496099,84.76,22.0,XPAR
2019-10-01 09:54:10.688852+02:00,3232.499286,3232.499286,84.76,100.0,XPAR
2019-10-01 09:54:10.716675+02:00,3232.527109,3232.527109,84.77,60.0,XPAR
2019-10-01 09:54:10.716675+02:00,3232.527109,3232.52711,84.77,100.0,XPAR
2019-10-01 09:54:10.716675+02:00,3232.527109,3232.5271110000003,84.77,64.0,XPAR
2019-10-01 09:54:10.717581+02:00,3232.528015,3232.528015,84.77,12.0,XPAR
2019-10-01 09:54:10.717664+02:00,3232.528098,3232.528098,84.77,138.0,XPAR
2019-10-01 09:54:10.719051+02:00,3232.529485,3232.529485,84.78,10.0,XPAR
2019-10-01 09:54:10.785444+02:00,3232.595878,3232.595878,84.79,61.0,XPAR
2019-10-01 09:54:11.126795+02:00,3232.937229,3232.937229,84.79,19.0,XPAR
2019-10-01 09:54:11.126795+02:00,3232.937229,3232.93723,84.79,71.0,XPAR
2019-10-01 09:54:11.126795+02:00,3232.937229,3232.9372310000003,84.79,11.0,XPAR
2019-10-01 09:54:11.556975+02:00,3233.367409,3233.367409,84.79,56.0,XPAR
2019-10-01 09:54:11.556975+02:00,3233.367409,3233.36741,84.79,49.0,XPAR
2019-10-01 09:54:13.757310+02:00,3235.567744,3235.567744,84.8,36.0,XPAR
2019-10-01 09:54:13.757310+02:00,3235.567744,3235.567745,84.8,49.0,XPAR
2019-10-01 09:54:13.757310+02:00,3235.567744,3235.567746,84.8,150.0,XPAR
2019-10-01 09:54:13.757409+02:00,3235.567843,3235.567843,84.8,75.0,XPAR
2019-10-01 09:54:17.285153+02:00,3239.095587,3239.095587,84.81,150.0,XPAR
2019-10-01 09:54:17.291518+02:00,3239.101952,3239.101952,84.83,63.0,XPAR
2019-10-01 09:54:17.295759+02:00,3239.106193,3239.106193,84.83,150.0,XPAR
2019-10-01 09:54:45.090180+02:00,3266.900614,3266.900614,84.81,150.0,XPAR
2019-10-01 09:54:45.090317+02:00,3266.900751,3266.900751,84.81,150.0,XPAR
2019-10-01 09:54:55.009991+02:00,3276.820425,3276.820425,84.82,45.0,XPAR
2019-10-01 09:54:55.009991+02:00,3276.820425,3276.8204259999998,84.82,65.0,XPAR
2019-10-01 09:54:55.010986+02:00,3276.82142,3276.82142,84.83,60.0,XPAR
2019-10-01 09:54:55.180433+02:00,3276.990867,3276.990867,84.85,150.0,XPAR
2019-10-01 09:55:05.124215+02:00,3286.934649,3286.934649,84.84,40.0,XPAR
2019-10-01 09:55:05.307129+02:00,3287.117563,3287.117563,84.86,223.0,XPAR
2019-10-01 09:55:05.307129+02:00,3287.117563,3287.1175639999997,84.86,89.0,XPAR
2019-10-01 09:55:53.418685+02:00,3335.229119,3335.229119,84.82,14.0,XPAR
2019-10-01 09:55:53.418782+02:00,3335.229216,3335.229216,84.82,139.0,XPAR
2019-10-01 09:55:53.418834+02:00,3335.229268,3335.229268,84.82,88.0,XPAR
2019-10-01 09:56:04.039185+02:00,3345.849619,3345.849619,84.81,69.0,XPAR
2019-10-01 09:56:04.039185+02:00,3345.849619,3345.84962,84.81,100.0,XPAR
2019-10-01 09:56:04.086390+02:00,3345.896824,3345.896824,84.82,150.0,XPAR
2019-10-01 09:56:04.087106+02:00,3345.89754,3345.89754,84.83,66.0,XPAR
2019-10-01 09:56:04.736335+02:00,3346.546769,3346.546769,84.83,65.0,XPAR
2019-10-01 09:56:04.740534+02:00,3346.550968,3346.550968,84.83,5.0,XPAR
2019-10-01 09:56:19.823579+02:00,3361.634013,3361.634013,84.85,25.0,XPAR
2019-10-01 09:56:19.823579+02:00,3361.634013,3361.6340139999998,84.85,37.0,XPAR
2019-10-01 09:56:40.228751+02:00,3382.039185,3382.039185,84.87,150.0,XPAR
2019-10-01 09:56:40.228751+02:00,3382.039185,3382.039186,84.87,317.0,XPAR
2019-10-01 09:56:40.228751+02:00,3382.039185,3382.0391870000003,84.87,65.0,XPAR
2019-10-01 09:57:01.321624+02:00,3403.132058,3403.132058,84.89,65.0,XPAR
2019-10-01 09:57:01.373657+02:00,3403.184091,3403.184091,84.9,48.0,XPAR
2019-10-01 09:57:01.373657+02:00,3403.184091,3403.184092,84.9,88.0,XPAR
2019-10-01 09:57:01.397199+02:00,3403.207633,3403.207633,84.9,65.0,XPAR
2019-10-01 09:57:05.302700+02:00,3407.113134,3407.113134,84.91,15.0,XPAR
2019-10-01 09:57:43.423663+02:00,3445.234097,3445.234097,84.92,150.0,XPAR
2019-10-01 09:57:58.998358+02:00,3460.808792,3460.808792,84.89,113.0,XPAR
2019-10-01 09:58:10.367576+02:00,3472.17801,3472.17801,84.89,100.0,XPAR
2019-10-01 09:58:10.367576+02:00,3472.17801,3472.178011,84.89,150.0,XPAR
2019-10-01 09:58:10.368268+02:00,3472.178702,3472.178702,84.89,150.0,XPAR
2019-10-01 09:58:10.368268+02:00,3472.178702,3472.178703,84.89,37.0,XPAR
2019-10-01 09:58:10.635102+02:00,3472.445536,3472.445536,84.89,40.0,XPAR
2019-10-01 09:58:10.637450+02:00,3472.447884,3472.447884,84.9,62.0,XPAR
2019-10-01 09:58:10.637450+02:00,3472.447884,3472.447885,84.9,91.0,XPAR
2019-10-01 09:58:11.305443+02:00,3473.115877,3473.115877,84.91,45.0,XPAR
2019-10-01 09:58:11.305443+02:00,3473.115877,3473.115878,84.91,150.0,XPAR
2019-10-01 09:58:12.441600+02:00,3474.252034,3474.252034,84.92,36.0,XPAR
2019-10-01 09:58:16.449764+02:00,3478.260198,3478.260198,84.93,150.0,XPAR
2019-10-01 09:58:40.617523+02:00,3502.427957,3502.427957,84.92,62.0,XPAR
2019-10-01 09:58:40.617523+02:00,3502.427957,3502.4279579999998,84.92,114.0,XPAR
2019-10-01 09:59:08.830846+02:00,3530.64128,3530.64128,84.87,150.0,XPAR
2019-10-01 09:59:08.830846+02:00,3530.64128,3530.6412809999997,84.87,65.0,XPAR
2019-10-01 09:59:08.830846+02:00,3530.64128,3530.641282,84.87,63.0,XPAR
2019-10-01 09:59:08.832139+02:00,3530.642573,3530.642573,84.88,36.0,XPAR
2019-10-01 09:59:09.911127+02:00,3531.721561,3531.721561,84.88,99.0,XPAR
2019-10-01 09:59:09.911169+02:00,3531.721603,3531.721603,84.88,13.0,XPAR
2019-10-01 09:59:15.046712+02:00,3536.857146,3536.857146,84.91,48.0,XPAR
2019-10-01 09:59:50.081838+02:00,3571.892272,3571.892272,84.9,150.0,XPAR
2019-10-01 09:59:52.127752+02:00,3573.938186,3573.938186,84.91,12.0,XPAR
2019-10-01 10:00:13.794187+02:00,3595.604621,3595.604621,84.91,42.0,XPAR
2019-10-01 10:00:27.148445+02:00,3608.958879,3608.958879,84.84,150.0,XPAR
2019-10-01 10:00:49.205395+02:00,3631.015829,3631.015829,84.82,150.0,XPAR
2019-10-01 10:00:49.350402+02:00,3631.160836,3631.160836,84.83,18.0,XPAR
2019-10-01 10:00:59.930363+02:00,3641.740797,3641.740797,84.8,87.0,XPAR
2019-10-01 10:01:14.606600+02:00,3656.417034,3656.417034,84.74,26.0,XPAR
2019-10-01 10:01:18.344914+02:00,3660.155348,3660.155348,84.73,65.0,XPAR
2019-10-01 10:01:18.344914+02:00,3660.155348,3660.1553489999997,84.73,150.0,XPAR
2019-10-01 10:01:18.344914+02:00,3660.155348,3660.15535,84.73,44.0,XPAR
2019-10-01 10:01:32.593834+02:00,3674.404268,3674.404268,84.71,74.0,XPAR
2019-10-01 10:01:32.593886+02:00,3674.40432,3674.40432,84.71,76.0,XPAR
2019-10-01 10:02:17.179402+02:00,3718.989836,3718.989836,84.67,53.0,XPAR
2019-10-01 10:02:18.899638+02:00,3720.710072,3720.710072,84.66,150.0,XPAR
2019-10-01 10:02:19.206769+02:00,3721.017203,3721.017203,84.66,17.0,XPAR
2019-10-01 10:02:20.581706+02:00,3722.39214,3722.39214,84.63,62.0,XPAR
2019-10-01 10:02:20.587532+02:00,3722.397966,3722.397966,84.63,88.0,XPAR
2019-10-01 10:02:21.567712+02:00,3723.378146,3723.378146,84.63,150.0,XPAR
2019-10-01 10:02:35.026705+02:00,3736.837139,3736.837139,84.65,158.0,XPAR
2019-10-01 10:02:37.511407+02:00,3739.321841,3739.321841,84.64,34.0,XPAR
2019-10-01 10:02:37.833560+02:00,3739.643994,3739.643994,84.65,96.0,XPAR
2019-10-01 10:03:01.518305+02:00,3763.328739,3763.328739,84.64,65.0,XPAR
2019-10-01 10:03:01.518305+02:00,3763.328739,3763.32874,84.64,72.0,XPAR
2019-10-01 10:03:01.518305+02:00,3763.328739,3763.3287410000003,84.64,80.0,XPAR
2019-10-01 10:03:01.519280+02:00,3763.329714,3763.329714,84.64,150.0,XPAR
2019-10-01 10:03:03.545746+02:00,3765.35618,3765.35618,84.66,150.0,XPAR
2019-10-01 10:03:03.545746+02:00,3765.35618,3765.356181,84.66,150.0,XPAR
2019-10-01 10:03:21.163666+02:00,3782.9741,3782.9741,84.66,150.0,XPAR
2019-10-01 10:03:23.173743+02:00,3784.984177,3784.984177,84.67,400.0,XPAR
2019-10-01 10:03:23.173790+02:00,3784.984224,3784.984224,84.67,125.0,XPAR
2019-10-01 10:03:26.342053+02:00,3788.152487,3788.152487,84.68,150.0,XPAR
2019-10-01 10:03:26.342053+02:00,3788.152487,3788.1524879999997,84.68,51.0,XPAR
2019-10-01 10:03:49.451433+02:00,3811.261867,3811.261867,84.64,65.0,XPAR
2019-10-01 10:03:54.240697+02:00,3816.051131,3816.051131,84.64,92.0,XPAR
2019-10-01 10:03:57.402702+02:00,3819.213136,3819.213136,84.66,106.0,XPAR
2019-10-01 10:04:59.531629+02:00,3881.342063,3881.342063,84.65,150.0,XPAR
2019-10-01 10:04:59.531629+02:00,3881.342063,3881.342064,84.65,61.0,XPAR
2019-10-01 10:04:59.531629+02:00,3881.342063,3881.3420650000003,84.65,108.0,XPAR
2019-10-01 10:05:05.494470+02:00,3887.304904,3887.304904,84.65,100.0,XPAR
2019-10-01 10:05:11.647741+02:00,3893.458175,3893.458175,84.62,100.0,XPAR
2019-10-01 10:05:15.659202+02:00,3897.469636,3897.469636,84.62,50.0,XPAR
2019-10-01 10:05:15.659202+02:00,3897.469636,3897.4696369999997,84.62,150.0,XPAR
2019-10-01 10:05:15.659202+02:00,3897.469636,3897.469638,84.62,66.0,XPAR
2019-10-01 10:05:15.659202+02:00,3897.469636,3897.469639,84.64,63.0,XPAR
2019-10-01 10:05:15.659202+02:00,3897.469636,3897.46964,84.64,28.0,XPAR
2019-10-01 10:05:25.998894+02:00,3907.809328,3907.809328,84.63,10.0,XPAR
2019-10-01 10:05:29.776810+02:00,3911.587244,3911.587244,84.6,150.0,XPAR
2019-10-01 10:05:51.949725+02:00,3933.760159,3933.760159,84.59,150.0,XPAR
2019-10-01 10:05:54.060848+02:00,3935.871282,3935.871282,84.6,150.0,XPAR
2019-10-01 10:06:19.213393+02:00,3961.023827,3961.023827,84.58,56.0,XPAR
2019-10-01 10:06:19.213477+02:00,3961.023911,3961.023911,84.58,72.0,XPAR
2019-10-01 10:06:19.213477+02:00,3961.023911,3961.023912,84.58,94.0,XPAR
2019-10-01 10:06:19.213477+02:00,3961.023911,3961.0239130000004,84.58,63.0,XPAR
2019-10-01 10:06:35.538825+02:00,3977.349259,3977.349259,84.59,150.0,XPAR
2019-10-01 10:06:42.568092+02:00,3984.378526,3984.378526,84.6,88.0,XPAR
2019-10-01 10:06:43.133919+02:00,3984.944353,3984.944353,84.61,54.0,XPAR
2019-10-01 10:06:52.594597+02:00,3994.405031,3994.405031,84.59,150.0,XPAR
2019-10-01 10:06:54.962035+02:00,3996.772469,3996.772469,84.6,100.0,XPAR
2019-10-01 10:07:22.167256+02:00,4023.97769,4023.97769,84.56,150.0,XPAR
2019-10-01 10:07:22.247691+02:00,4024.058125,4024.058125,84.57,120.0,XPAR
2019-10-01 10:07:22.247691+02:00,4024.058125,4024.058126,84.57,100.0,XPAR
2019-10-01 10:07:22.350554+02:00,4024.160988,4024.160988,84.58,150.0,XPAR
2019-10-01 10:07:24.063475+02:00,4025.873909,4025.873909,84.59,53.0,XPAR
2019-10-01 10:07:49.967404+02:00,4051.777838,4051.777838,84.54,14.0,XPAR
2019-10-01 10:07:50.004596+02:00,4051.81503,4051.81503,84.54,65.0,XPAR
2019-10-01 10:07:50.005666+02:00,4051.8161,4051.8161,84.55,72.0,XPAR
2019-10-01 10:08:00.032381+02:00,4061.842815,4061.842815,84.53,8.0,XPAR
2019-10-01 10:08:12.485477+02:00,4074.295911,4074.295911,84.49,100.0,XPAR
2019-10-01 10:08:12.485575+02:00,4074.296009,4074.296009,84.49,50.0,XPAR
2019-10-01 10:08:12.494307+02:00,4074.304741,4074.304741,84.51,55.0,XPAR
2019-10-01 10:08:45.070306+02:00,4106.88074,4106.88074,84.5,3.0,XPAR
2019-10-01 10:08:45.070306+02:00,4106.88074,4106.880741,84.5,45.0,XPAR
2019-10-01 10:08:45.070306+02:00,4106.88074,4106.880741999999,84.5,1.0,XPAR
2019-10-01 10:09:08.715292+02:00,4130.525726,4130.525726,84.46,224.0,XPAR
2019-10-01 10:09:08.715292+02:00,4130.525726,4130.525727,84.46,134.0,XPAR
2019-10-01 10:09:08.716194+02:00,4130.526628,4130.526628,84.47,170.0,XPAR
2019-10-01 10:09:14.518008+02:00,4136.328442,4136.328442,84.49,66.0,XPAR
2019-10-01 10:09:14.518008+02:00,4136.328442,4136.328443,84.49,34.0,XPAR
2019-10-01 10:09:31.029442+02:00,4152.839876,4152.839876,84.48,51.0,XPAR
2019-10-01 10:09:33.511192+02:00,4155.321626,4155.321626,84.49,80.0,XPAR
2019-10-01 10:09:33.511192+02:00,4155.321626,4155.321627,84.49,180.0,XPAR
2019-10-01 10:09:33.511919+02:00,4155.322353,4155.322353,84.5,134.0,XPAR
2019-10-01 10:09:39.779689+02:00,4161.590123,4161.590123,84.51,23.0,XPAR
2019-10-01 10:09:39.779689+02:00,4161.590123,4161.590124,84.51,77.0,XPAR
2019-10-01 10:09:39.779879+02:00,4161.590313,4161.590313,84.51,66.0,XPAR
2019-10-01 10:09:41.846716+02:00,4163.65715,4163.65715,84.52,72.0,XPAR
2019-10-01 10:09:41.846856+02:00,4163.65729,4163.65729,84.52,66.0,XPAR
2019-10-01 10:10:16.183541+02:00,4197.993975,4197.993975,84.48,16.0,XPAR
2019-10-01 10:10:19.204154+02:00,4201.014588,4201.014588,84.46,20.0,XPAR
2019-10-01 10:10:20.017694+02:00,4201.828128,4201.828128,84.46,98.0,XPAR
2019-10-01 10:10:20.017694+02:00,4201.828128,4201.828129,84.46,2.0,XPAR
2019-10-01 10:10:20.017878+02:00,4201.828312,4201.828312,84.46,52.0,XPAR
2019-10-01 10:10:24.298673+02:00,4206.109107,4206.109107,84.48,47.0,XPAR
2019-10-01 10:10:24.856252+02:00,4206.666686,4206.666686,84.48,2.0,XPAR
2019-10-01 10:10:47.779832+02:00,4229.590266,4229.590266,84.49,102.0,XPAR
2019-10-01 10:10:47.779932+02:00,4229.590366,4229.590366,84.49,130.0,XPAR
2019-10-01 10:10:47.793992+02:00,4229.604426,4229.604426,84.49,77.0,XPAR
2019-10-01 10:10:49.669825+02:00,4231.480259,4231.480259,84.5,150.0,XPAR
2019-10-01 10:10:49.669825+02:00,4231.480259,4231.48026,84.5,50.0,XPAR
2019-10-01 10:10:49.670004+02:00,4231.480438,4231.480438,84.5,15.0,XPAR
2019-10-01 10:11:00.026846+02:00,4241.83728,4241.83728,84.51,68.0,XPAR
2019-10-01 10:11:08.658771+02:00,4250.469205,4250.469205,84.51,1.0,XPAR
2019-10-01 10:11:14.537850+02:00,4256.348284,4256.348284,84.54,49.0,XPAR
2019-10-01 10:11:59.515320+02:00,4301.325754,4301.325754,84.56,100.0,XPAR
2019-10-01 10:12:08.694394+02:00,4310.504828,4310.504828,84.58,150.0,XPAR
2019-10-01 10:12:09.146956+02:00,4310.95739,4310.95739,84.58,150.0,XPAR
2019-10-01 10:12:09.282700+02:00,4311.093134,4311.093134,84.58,150.0,XPAR
2019-10-01 10:12:09.283594+02:00,4311.094028,4311.094028,84.59,91.0,XPAR
2019-10-01 10:12:09.283594+02:00,4311.094028,4311.094029000001,84.59,100.0,XPAR
2019-10-01 10:12:09.284064+02:00,4311.094498,4311.094498,84.58,100.0,XPAR
2019-10-01 10:12:09.284385+02:00,4311.094819,4311.094819,84.58,50.0,XPAR
2019-10-01 10:12:09.612619+02:00,4311.423053,4311.423053,84.6,50.0,XPAR
2019-10-01 10:12:09.612619+02:00,4311.423053,4311.423054000001,84.6,50.0,XPAR
2019-10-01 10:12:11.073436+02:00,4312.88387,4312.88387,84.59,124.0,XPAR
2019-10-01 10:12:11.073531+02:00,4312.883965,4312.883965,84.59,26.0,XPAR
2019-10-01 10:12:19.629853+02:00,4321.440287,4321.440287,84.59,100.0,XPAR
2019-10-01 10:12:23.061818+02:00,4324.872252,4324.872252,84.59,41.0,XPAR
2019-10-01 10:12:23.061868+02:00,4324.872302,4324.872302,84.59,109.0,XPAR
2019-10-01 10:12:23.062646+02:00,4324.87308,4324.87308,84.6,12.0,XPAR
2019-10-01 10:12:23.062646+02:00,4324.87308,4324.873081000001,84.6,220.0,XPAR
2019-10-01 10:12:23.062919+02:00,4324.873353,4324.873353,84.6,88.0,XPAR
2019-10-01 10:13:01.589646+02:00,4363.40008,4363.40008,84.6,24.0,XPAR
2019-10-01 10:13:11.394275+02:00,4373.204709,4373.204709,84.61,102.0,XPAR
2019-10-01 10:13:47.439037+02:00,4409.249471,4409.249471,84.62,36.0,XPAR
2019-10-01 10:13:49.745251+02:00,4411.555685,4411.555685,84.63,48.0,XPAR
2019-10-01 10:13:49.745251+02:00,4411.555685,4411.555686000001,84.63,52.0,XPAR
2019-10-01 10:13:49.745373+02:00,4411.555807,4411.555807,84.63,54.0,XPAR
2019-10-01 10:13:49.746544+02:00,4411.556978,4411.556978,84.64,45.0,XPAR
2019-10-01 10:13:55.555757+02:00,4417.366191,4417.366191,84.65,50.0,XPAR
2019-10-01 10:13:55.750555+02:00,4417.560989,4417.560989,84.65,68.0,XPAR
2019-10-01 10:15:22.120950+02:00,4503.931384,4503.931384,84.59,150.0,XPAR
2019-10-01 10:15:22.120950+02:00,4503.931384,4503.931385000001,84.59,100.0,XPAR
2019-10-01 10:15:22.120950+02:00,4503.931384,4503.931386,84.59,137.0,XPAR
2019-10-01 10:15:22.120950+02:00,4503.931384,4503.9313870000005,84.59,52.0,XPAR
2019-10-01 10:15:22.120950+02:00,4503.931384,4503.931388000001,84.59,150.0,XPAR
2019-10-01 10:15:28.983329+02:00,4510.793763,4510.793763,84.6,150.0,XPAR
2019-10-01 10:15:28.983329+02:00,4510.793763,4510.793764,84.6,100.0,XPAR
2019-10-01 10:15:28.983329+02:00,4510.793763,4510.793764999999,84.6,150.0,XPAR
2019-10-01 10:15:28.983329+02:00,4510.793763,4510.793766,84.6,70.0,XPAR
2019-10-01 10:15:28.983329+02:00,4510.793763,4510.793767,84.6,49.0,XPAR
2019-10-01 10:15:28.983329+02:00,4510.793763,4510.793768,84.6,148.0,XPAR
2019-10-01 10:15:42.557986+02:00,4524.36842,4524.36842,84.6,14.0,XPAR
2019-10-01 10:16:11.899836+02:00,4553.71027,4553.71027,84.6,76.0,XPAR
2019-10-01 10:16:11.899908+02:00,4553.710342,4553.710342,84.6,22.0,XPAR
2019-10-01 10:16:11.899908+02:00,4553.710342,4553.710343000001,84.6,185.0,XPAR
2019-10-01 10:16:11.899908+02:00,4553.710342,4553.710344,84.6,74.0,XPAR
2019-10-01 10:16:27.605362+02:00,4569.415796,4569.415796,84.59,37.0,XPAR
2019-10-01 10:16:30.620185+02:00,4572.430619,4572.430619,84.61,166.0,XPAR
2019-10-01 10:16:30.620185+02:00,4572.430619,4572.43062,84.6,94.0,XPAR
2019-10-01 10:16:30.630179+02:00,4572.440613,4572.440613,84.61,27.0,XPAR
2019-10-01 10:16:30.630179+02:00,4572.440613,4572.440614,84.61,46.0,XPAR
2019-10-01 10:16:30.630179+02:00,4572.440613,4572.4406149999995,84.61,42.0,XPAR
2019-10-01 10:16:39.670443+02:00,4581.480877,4581.480877,84.61,24.0,XPAR
2019-10-01 10:16:39.670443+02:00,4581.480877,4581.480878,84.61,13.0,XPAR
2019-10-01 10:17:20.128028+02:00,4621.938462,4621.938462,84.63,9.0,XPAR
2019-10-01 10:17:20.128028+02:00,4621.938462,4621.938463,84.63,26.0,XPAR
2019-10-01 10:17:20.128028+02:00,4621.938462,4621.938464,84.63,23.0,XPAR
2019-10-01 10:17:24.796452+02:00,4626.606886,4626.606886,84.62,120.0,XPAR
2019-10-01 10:17:25.346035+02:00,4627.156469,4627.156469,84.64,77.0,XPAR
2019-10-01 10:17:25.346035+02:00,4627.156469,4627.15647,84.64,50.0,XPAR
2019-10-01 10:18:03.141203+02:00,4664.951637,4664.951637,84.67,72.0,XPAR
2019-10-01 10:18:05.217451+02:00,4667.027885,4667.027885,84.67,100.0,XPAR
2019-10-01 10:18:17.486372+02:00,4679.296806,4679.296806,84.67,23.0,XPAR
2019-10-01 10:19:09.900663+02:00,4731.711097,4731.711097,84.67,17.0,XPAR
2019-10-01 10:19:09.900663+02:00,4731.711097,4731.711098000001,84.67,105.0,XPAR
2019-10-01 10:19:09.900663+02:00,4731.711097,4731.711099,84.67,180.0,XPAR
2019-10-01 10:19:39.801808+02:00,4761.612242,4761.612242,84.67,100.0,XPAR
2019-10-01 10:20:19.356652+02:00,4801.167086,4801.167086,84.66,71.0,XPAR
2019-10-01 10:20:28.264963+02:00,4810.075397,4810.075397,84.67,81.0,XPAR
2019-10-01 10:20:28.264963+02:00,4810.075397,4810.075398,84.67,46.0,XPAR
2019-10-01 10:20:28.265738+02:00,4810.076172,4810.076172,84.68,79.0,XPAR
2019-10-01 10:20:28.265738+02:00,4810.076172,4810.076173,84.68,48.0,XPAR
2019-10-01 10:20:28.265965+02:00,4810.076399,4810.076399,84.68,18.0,XPAR
2019-10-01 10:20:28.267046+02:00,4810.07748,4810.07748,84.68,6.0,XPAR
2019-10-01 10:20:28.613336+02:00,4810.42377,4810.42377,84.67,57.0,XPAR
2019-10-01 10:20:31.408012+02:00,4813.218446,4813.218446,84.67,150.0,XPAR
2019-10-01 10:20:31.411908+02:00,4813.222342,4813.222342,84.68,34.0,XPAR
2019-10-01 10:21:06.419671+02:00,4848.230105,4848.230105,84.69,159.0,XPAR
2019-10-01 10:21:06.419671+02:00,4848.230105,4848.230106,84.69,253.0,XPAR
2019-10-01 10:21:06.419671+02:00,4848.230105,4848.230106999999,84.69,90.0,XPAR
2019-10-01 10:21:06.420774+02:00,4848.231208,4848.231208,84.7,2.0,XPAR
2019-10-01 10:21:06.420824+02:00,4848.231258,4848.231258,84.7,96.0,XPAR
2019-10-01 10:21:06.420824+02:00,4848.231258,4848.231259,84.7,23.0,XPAR
2019-10-01 10:21:06.420891+02:00,4848.231325,4848.231325,84.7,56.0,XPAR
2019-10-01 10:21:08.051161+02:00,4849.861595,4849.861595,84.7,27.0,XPAR
2019-10-01 10:21:08.051712+02:00,4849.862146,4849.862146,84.7,123.0,XPAR
2019-10-01 10:21:10.441953+02:00,4852.252387,4852.252387,84.72,123.0,XPAR
2019-10-01 10:21:10.441953+02:00,4852.252387,4852.252388000001,84.72,150.0,XPAR
2019-10-01 10:21:10.441953+02:00,4852.252387,4852.252389,84.72,74.0,XPAR
2019-10-01 10:21:30.525941+02:00,4872.336375,4872.336375,84.71,23.0,XPAR
2019-10-01 10:21:30.525941+02:00,4872.336375,4872.336376,84.71,150.0,XPAR
2019-10-01 10:21:30.530354+02:00,4872.340788,4872.340788,84.72,174.0,XPAR
2019-10-01 10:21:30.530354+02:00,4872.340788,4872.340789000001,84.72,26.0,XPAR
2019-10-01 10:21:30.530354+02:00,4872.340788,4872.34079,84.72,150.0,XPAR
2019-10-01 10:21:30.530354+02:00,4872.340788,4872.3407910000005,84.72,75.0,XPAR
2019-10-01 10:22:31.685161+02:00,4933.495595,4933.495595,84.67,61.0,XPAR
2019-10-01 10:22:31.685617+02:00,4933.496051,4933.496051,84.67,18.0,XPAR
2019-10-01 10:22:31.685617+02:00,4933.496051,4933.496052,84.67,41.0,XPAR
2019-10-01 10:22:31.685740+02:00,4933.496174,4933.496174,84.67,1.0,XPAR
2019-10-01 10:23:11.489741+02:00,4973.300175,4973.300175,84.67,123.0,XPAR
2019-10-01 10:23:11.489741+02:00,4973.300175,4973.300176000001,84.67,70.0,XPAR
2019-10-01 10:23:11.489741+02:00,4973.300175,4973.300177,84.67,150.0,XPAR
2019-10-01 10:23:11.489973+02:00,4973.300407,4973.300407,84.67,155.0,XPAR
2019-10-01 10:23:18.732657+02:00,4980.543091,4980.543091,84.68,47.0,XPAR
2019-10-01 10:23:21.367627+02:00,4983.178061,4983.178061,84.71,134.0,XPAR
2019-10-01 10:23:21.368453+02:00,4983.178887,4983.178887,84.71,2.0,XPAR
2019-10-01 10:23:28.472111+02:00,4990.282545,4990.282545,84.73,45.0,XPAR
2019-10-01 10:23:30.096044+02:00,4991.906478,4991.906478,84.73,12.0,XPAR
2019-10-01 10:23:30.096104+02:00,4991.906538,4991.906538,84.73,1.0,XPAR
2019-10-01 10:23:42.139947+02:00,5003.950381,5003.950381,84.74,48.0,XPAR
2019-10-01 10:23:42.139990+02:00,5003.950424,5003.950424,84.74,7.0,XPAR
2019-10-01 10:25:45.632390+02:00,5127.442824,5127.442824,84.67,72.0,XPAR
2019-10-01 10:26:11.286794+02:00,5153.097228,5153.097228,84.69,36.0,XPAR
2019-10-01 10:26:11.286794+02:00,5153.097228,5153.097229,84.69,23.0,XPAR
2019-10-01 10:26:11.286794+02:00,5153.097228,5153.097229999999,84.69,48.0,XPAR
2019-10-01 10:26:11.286794+02:00,5153.097228,5153.097231,84.69,74.0,XPAR
2019-10-01 10:26:29.022316+02:00,5170.83275,5170.83275,84.7,47.0,XPAR
2019-10-01 10:26:35.840150+02:00,5177.650584,5177.650584,84.71,173.0,XPAR
2019-10-01 10:27:13.058389+02:00,5214.868823,5214.868823,84.69,62.0,XPAR
2019-10-01 10:27:13.059524+02:00,5214.869958,5214.869958,84.7,47.0,XPAR
2019-10-01 10:27:47.509346+02:00,5249.31978,5249.31978,84.68,40.0,XPAR
2019-10-01 10:27:53.113127+02:00,5254.923561,5254.923561,84.7,65.0,XPAR
2019-10-01 10:27:53.113127+02:00,5254.923561,5254.923562,84.7,44.0,XPAR
2019-10-01 10:27:53.113452+02:00,5254.923886,5254.923886,84.7,202.0,XPAR
2019-10-01 10:27:53.113452+02:00,5254.923886,5254.923887,84.7,178.0,XPAR
2019-10-01 10:30:31.304137+02:00,5413.114571,5413.114571,84.64,143.0,XPAR
2019-10-01 10:30:31.304137+02:00,5413.114571,5413.114572,84.64,150.0,XPAR
2019-10-01 10:30:31.304137+02:00,5413.114571,5413.114573,84.64,29.0,XPAR
2019-10-01 10:30:37.553411+02:00,5419.363845,5419.363845,84.65,100.0,XPAR
2019-10-01 10:30:40.843944+02:00,5422.654378,5422.654378,84.62,150.0,XPAR
2019-10-01 10:30:41.497010+02:00,5423.307444,5423.307444,84.62,150.0,XPAR
2019-10-01 10:30:44.113163+02:00,5425.923597,5425.923597,84.63,30.0,XPAR
2019-10-01 10:30:44.116874+02:00,5425.927308,5425.927308,84.64,52.0,XPAR
2019-10-01 10:31:28.097097+02:00,5469.907531,5469.907531,84.59,150.0,XPAR
2019-10-01 10:31:53.053970+02:00,5494.864404,5494.864404,84.57,65.0,XPAR
2019-10-01 10:31:53.154241+02:00,5494.964675,5494.964675,84.58,69.0,XPAR
2019-10-01 10:31:59.608895+02:00,5501.419329,5501.419329,84.58,59.0,XPAR
2019-10-01 10:31:59.608942+02:00,5501.419376,5501.419376,84.58,41.0,XPAR
2019-10-01 10:31:59.608942+02:00,5501.419376,5501.419377,84.58,82.0,XPAR
2019-10-01 10:31:59.608942+02:00,5501.419376,5501.419378,84.58,27.0,XPAR
2019-10-01 10:31:59.609043+02:00,5501.419477,5501.419477,84.58,18.0,XPAR
2019-10-01 10:32:12.243913+02:00,5514.054347,5514.054347,84.59,42.0,XPAR
2019-10-01 10:32:12.244303+02:00,5514.054737,5514.054737,84.59,52.0,XPAR
2019-10-01 10:32:12.244303+02:00,5514.054737,5514.054738000001,84.59,8.0,XPAR
2019-10-01 10:32:12.244303+02:00,5514.054737,5514.054739,84.59,27.0,XPAR
2019-10-01 10:32:12.254955+02:00,5514.065389,5514.065389,84.59,24.0,XPAR
2019-10-01 10:32:12.413974+02:00,5514.224408,5514.224408,84.6,66.0,XPAR
2019-10-01 10:32:12.413974+02:00,5514.224408,5514.224409,84.6,150.0,XPAR
2019-10-01 10:32:20.302413+02:00,5522.112847,5522.112847,84.57,100.0,XPAR
2019-10-01 10:32:20.302460+02:00,5522.112894,5522.112894,84.57,714.0,XPAR
2019-10-01 10:32:22.169068+02:00,5523.979502,5523.979502,84.56,100.0,XPAR
2019-10-01 10:32:22.169068+02:00,5523.979502,5523.9795030000005,84.56,148.0,XPAR
2019-10-01 10:32:32.266009+02:00,5534.076443,5534.076443,84.54,243.0,XPAR
2019-10-01 10:32:32.266123+02:00,5534.076557,5534.076557,84.54,200.0,XPAR
2019-10-01 10:32:33.737721+02:00,5535.548155,5535.548155,84.57,355.0,XPAR
2019-10-01 10:32:33.737721+02:00,5535.548155,5535.548156000001,84.57,45.0,XPAR
2019-10-01 10:32:33.737804+02:00,5535.548238,5535.548238,84.57,45.0,XPAR
2019-10-01 10:32:33.737804+02:00,5535.548238,5535.548239000001,84.57,163.0,XPAR
2019-10-01 10:32:33.737804+02:00,5535.548238,5535.54824,84.57,57.0,XPAR
2019-10-01 10:32:36.160941+02:00,5537.971375,5537.971375,84.57,190.0,XPAR
2019-10-01 10:32:36.213433+02:00,5538.023867,5538.023867,84.58,31.0,XPAR
2019-10-01 10:32:37.617125+02:00,5539.427559,5539.427559,84.58,150.0,XPAR
2019-10-01 10:32:37.617125+02:00,5539.427559,5539.42756,84.58,45.0,XPAR
2019-10-01 10:32:54.273190+02:00,5556.083624,5556.083624,84.55,150.0,XPAR
2019-10-01 10:33:11.683603+02:00,5573.494037,5573.494037,84.54,35.0,XPAR
2019-10-01 10:33:16.556752+02:00,5578.367186,5578.367186,84.53,131.0,XPAR
2019-10-01 10:33:16.556752+02:00,5578.367186,5578.367187000001,84.53,73.0,XPAR
2019-10-01 10:33:16.556752+02:00,5578.367186,5578.367188,84.53,133.0,XPAR
2019-10-01 10:33:16.557658+02:00,5578.368092,5578.368092,84.54,69.0,XPAR
2019-10-01 10:33:16.557658+02:00,5578.368092,5578.368093,84.54,47.0,XPAR
2019-10-01 10:33:16.557658+02:00,5578.368092,5578.3680939999995,84.54,198.0,XPAR
2019-10-01 10:33:25.966485+02:00,5587.776919,5587.776919,84.54,91.0,XPAR
2019-10-01 10:33:26.346760+02:00,5588.157194,5588.157194,84.55,14.0,XPAR
2019-10-01 10:33:26.346760+02:00,5588.157194,5588.157195000001,84.55,45.0,XPAR
2019-10-01 10:33:29.553565+02:00,5591.363999,5591.363999,84.55,45.0,XPAR
2019-10-01 10:33:29.553565+02:00,5591.363999,5591.3640000000005,84.55,55.0,XPAR
2019-10-01 10:33:51.531657+02:00,5613.342091,5613.342091,84.56,151.0,XPAR
2019-10-01 10:33:51.531657+02:00,5613.342091,5613.342092000001,84.56,36.0,XPAR
2019-10-01 10:33:51.531807+02:00,5613.342241,5613.342241,84.56,53.0,XPAR
2019-10-01 10:34:29.706224+02:00,5651.516658,5651.516658,84.54,100.0,XPAR
2019-10-01 10:34:29.707287+02:00,5651.517721,5651.517721,84.54,14.0,XPAR
2019-10-01 10:34:49.244698+02:00,5671.055132,5671.055132,84.55,115.0,XPAR
2019-10-01 10:34:49.244819+02:00,5671.055253,5671.055253,84.55,257.0,XPAR
2019-10-01 10:34:49.244819+02:00,5671.055253,5671.055254000001,84.55,175.0,XPAR
2019-10-01 10:34:49.244819+02:00,5671.055253,5671.055255,84.55,11.0,XPAR
2019-10-01 10:35:09.315362+02:00,5691.125796,5691.125796,84.55,71.0,XPAR
2019-10-01 10:35:09.315362+02:00,5691.125796,5691.125797000001,84.55,14.0,XPAR
2019-10-01 10:35:34.899691+02:00,5716.710125,5716.710125,84.55,45.0,XPAR
2019-10-01 10:35:34.899691+02:00,5716.710125,5716.710126,84.55,67.0,XPAR
2019-10-01 10:36:19.908225+02:00,5761.718659,5761.718659,84.55,13.0,XPAR
2019-10-01 10:36:19.908312+02:00,5761.718746,5761.718746,84.55,66.0,XPAR
2019-10-01 10:36:19.908312+02:00,5761.718746,5761.718747,84.55,100.0,XPAR
2019-10-01 10:36:19.908312+02:00,5761.718746,5761.718747999999,84.55,29.0,XPAR
2019-10-01 10:36:19.908312+02:00,5761.718746,5761.718749,84.55,150.0,XPAR
2019-10-01 10:36:38.373485+02:00,5780.183919,5780.183919,84.57,150.0,XPAR
2019-10-01 10:36:38.373485+02:00,5780.183919,5780.18392,84.57,150.0,XPAR
2019-10-01 10:36:38.373485+02:00,5780.183919,5780.183921,84.57,47.0,XPAR
2019-10-01 10:36:38.373485+02:00,5780.183919,5780.183922,84.57,173.0,XPAR
2019-10-01 10:36:38.390624+02:00,5780.201058,5780.201058,84.57,73.0,XPAR
2019-10-01 10:37:33.304001+02:00,5835.114435,5835.114435,84.61,150.0,XPAR
2019-10-01 10:37:33.304001+02:00,5835.114435,5835.114436000001,84.62,100.0,XPAR
2019-10-01 10:37:33.304001+02:00,5835.114435,5835.114437,84.61,170.0,XPAR
2019-10-01 10:37:33.304001+02:00,5835.114435,5835.1144380000005,84.61,69.0,XPAR
2019-10-01 10:37:33.304001+02:00,5835.114435,5835.114439000001,84.62,100.0,XPAR
2019-10-01 10:37:33.304001+02:00,5835.114435,5835.11444,84.63,170.0,XPAR
2019-10-01 10:37:33.304001+02:00,5835.114435,5835.114441000001,84.6,53.0,XPAR
2019-10-01 10:37:33.304001+02:00,5835.114435,5835.114442,84.62,69.0,XPAR
2019-10-01 10:37:33.304001+02:00,5835.114435,5835.114443,84.62,170.0,XPAR
2019-10-01 10:37:33.304001+02:00,5835.114435,5835.114444000001,84.63,110.0,XPAR
2019-10-01 10:37:33.304001+02:00,5835.114435,5835.114445,84.63,69.0,XPAR
2019-10-01 10:37:33.304001+02:00,5835.114435,5835.1144460000005,84.6,47.0,XPAR
2019-10-01 10:37:33.304001+02:00,5835.114435,5835.114447000001,84.63,150.0,XPAR
2019-10-01 10:37:33.304001+02:00,5835.114435,5835.114448,84.63,67.0,XPAR
2019-10-01 10:37:33.304001+02:00,5835.114435,5835.114449000001,84.62,45.0,XPAR
2019-10-01 10:37:37.369957+02:00,5839.180391,5839.180391,84.64,77.0,XPAR
2019-10-01 10:37:37.370044+02:00,5839.180478,5839.180478,84.64,53.0,XPAR
2019-10-01 10:37:37.370044+02:00,5839.180478,5839.180479000001,84.64,56.0,XPAR
2019-10-01 10:37:45.432158+02:00,5847.242592,5847.242592,84.63,10.0,XPAR
2019-10-01 10:37:53.964895+02:00,5855.775329,5855.775329,84.64,16.0,XPAR
2019-10-01 10:37:53.964895+02:00,5855.775329,5855.77533,84.64,51.0,XPAR
2019-10-01 10:37:53.964895+02:00,5855.775329,5855.775331,84.64,43.0,XPAR
2019-10-01 10:37:53.965066+02:00,5855.7755,5855.7755,84.64,65.0,XPAR
2019-10-01 10:37:53.965066+02:00,5855.7755,5855.775501,84.64,57.0,XPAR
2019-10-01 10:38:45.311847+02:00,5907.122281,5907.122281,84.64,87.0,XPAR
2019-10-01 10:38:45.311847+02:00,5907.122281,5907.122282,84.64,137.0,XPAR
2019-10-01 10:38:45.311928+02:00,5907.122362,5907.122362,84.64,13.0,XPAR
2019-10-01 10:38:45.311928+02:00,5907.122362,5907.122363,84.64,97.0,XPAR
2019-10-01 10:38:45.312012+02:00,5907.122446,5907.122446,84.64,100.0,XPAR
2019-10-01 10:38:45.312100+02:00,5907.122534,5907.122534,84.64,355.0,XPAR
2019-10-01 10:38:45.312100+02:00,5907.122534,5907.122535,84.64,186.0,XPAR
2019-10-01 10:38:45.313296+02:00,5907.12373,5907.12373,84.65,48.0,XPAR
2019-10-01 10:38:45.313296+02:00,5907.12373,5907.123731000001,84.65,65.0,XPAR
2019-10-01 10:38:45.313296+02:00,5907.12373,5907.123732,84.65,97.0,XPAR
2019-10-01 10:38:47.207809+02:00,5909.018243,5909.018243,84.65,3.0,XPAR
2019-10-01 10:38:47.207809+02:00,5909.018243,5909.018244000001,84.65,150.0,XPAR
2019-10-01 10:38:47.207809+02:00,5909.018243,5909.018245,84.65,100.0,XPAR
2019-10-01 10:38:50.170360+02:00,5911.980794,5911.980794,84.66,62.0,XPAR
2019-10-01 10:38:50.170433+02:00,5911.980867,5911.980867,84.66,78.0,XPAR
2019-10-01 10:38:50.170433+02:00,5911.980867,5911.980868000001,84.66,63.0,XPAR
2019-10-01 10:39:17.033898+02:00,5938.844332,5938.844332,84.64,100.0,XPAR
2019-10-01 10:39:28.699504+02:00,5950.509938,5950.509938,84.65,55.0,XPAR
2019-10-01 10:39:56.311150+02:00,5978.121584,5978.121584,84.65,12.0,XPAR
2019-10-01 10:39:58.793952+02:00,5980.604386,5980.604386,84.65,33.0,XPAR
2019-10-01 10:39:58.793952+02:00,5980.604386,5980.604387,84.65,89.0,XPAR
2019-10-01 10:39:58.793952+02:00,5980.604386,5980.604388,84.65,47.0,XPAR
2019-10-01 10:39:58.793952+02:00,5980.604386,5980.604389,84.65,45.0,XPAR
2019-10-01 10:40:06.531142+02:00,5988.341576,5988.341576,84.67,51.0,XPAR
2019-10-01 10:40:06.531142+02:00,5988.341576,5988.341577,84.67,116.0,XPAR
2019-10-01 10:40:16.679197+02:00,5998.489631,5998.489631,84.67,6.0,XPAR
2019-10-01 10:40:25.706071+02:00,6007.516505,6007.516505,84.67,150.0,XPAR
2019-10-01 10:40:36.557902+02:00,6018.368336,6018.368336,84.63,19.0,XPAR
2019-10-01 10:40:49.150361+02:00,6030.960795,6030.960795,84.64,88.0,XPAR
2019-10-01 10:40:49.150449+02:00,6030.960883,6030.960883,84.64,67.0,XPAR
2019-10-01 10:40:57.428390+02:00,6039.238824,6039.238824,84.61,50.0,XPAR
2019-10-01 10:41:12.818093+02:00,6054.628527,6054.628527,84.61,123.0,XPAR
2019-10-01 10:41:12.818093+02:00,6054.628527,6054.628528,84.61,108.0,XPAR
2019-10-01 10:41:12.818093+02:00,6054.628527,6054.628529,84.61,181.0,XPAR
2019-10-01 10:41:12.835367+02:00,6054.645801,6054.645801,84.62,79.0,XPAR
2019-10-01 10:41:12.835367+02:00,6054.645801,6054.645802,84.62,216.0,XPAR
2019-10-01 10:41:17.696651+02:00,6059.507085,6059.507085,84.62,166.0,XPAR
2019-10-01 10:41:20.917484+02:00,6062.727918,6062.727918,84.62,188.0,XPAR
2019-10-01 10:41:20.917484+02:00,6062.727918,6062.727919,84.62,150.0,XPAR
2019-10-01 10:41:21.010839+02:00,6062.821273,6062.821273,84.61,112.0,XPAR
2019-10-01 10:41:23.278754+02:00,6065.089188,6065.089188,84.62,34.0,XPAR
2019-10-01 10:41:47.077222+02:00,6088.887656,6088.887656,84.62,51.0,XPAR
2019-10-01 10:41:49.713202+02:00,6091.523636,6091.523636,84.64,48.0,XPAR
2019-10-01 10:41:49.713202+02:00,6091.523636,6091.523637,84.64,78.0,XPAR
2019-10-01 10:41:49.713202+02:00,6091.523636,6091.523638,84.64,259.0,XPAR
2019-10-01 10:41:49.713896+02:00,6091.52433,6091.52433,84.65,66.0,XPAR
2019-10-01 10:41:49.776601+02:00,6091.587035,6091.587035,84.66,51.0,XPAR
2019-10-01 10:41:51.630255+02:00,6093.440689,6093.440689,84.67,47.0,XPAR
2019-10-01 10:42:12.798121+02:00,6114.608555,6114.608555,84.67,87.0,XPAR
2019-10-01 10:42:12.798237+02:00,6114.608671,6114.608671,84.67,79.0,XPAR
2019-10-01 10:42:12.798237+02:00,6114.608671,6114.608672,84.67,13.0,XPAR
2019-10-01 10:42:13.503517+02:00,6115.313951,6115.313951,84.67,26.0,XPAR
2019-10-01 10:43:24.222709+02:00,6186.033143,6186.033143,84.62,95.0,XPAR
2019-10-01 10:43:24.227790+02:00,6186.038224,6186.038224,84.63,60.0,XPAR
2019-10-01 10:43:24.229514+02:00,6186.039948,6186.039948,84.63,47.0,XPAR
2019-10-01 10:43:43.516607+02:00,6205.327041,6205.327041,84.62,110.0,XPAR
2019-10-01 10:43:43.516607+02:00,6205.327041,6205.327042,84.62,245.0,XPAR
2019-10-01 10:43:43.516607+02:00,6205.327041,6205.327042999999,84.62,43.0,XPAR
2019-10-01 10:44:06.031727+02:00,6227.842161,6227.842161,84.59,131.0,XPAR
2019-10-01 10:44:19.327539+02:00,6241.137973,6241.137973,84.6,56.0,XPAR
2019-10-01 10:44:19.327539+02:00,6241.137973,6241.137974,84.6,73.0,XPAR
2019-10-01 10:44:19.327539+02:00,6241.137973,6241.137975,84.6,13.0,XPAR
2019-10-01 10:44:19.327647+02:00,6241.138081,6241.138081,84.6,32.0,XPAR
2019-10-01 10:44:19.328056+02:00,6241.13849,6241.13849,84.61,49.0,XPAR
2019-10-01 10:44:19.328056+02:00,6241.13849,6241.138491000001,84.61,79.0,XPAR
2019-10-01 10:44:54.092633+02:00,6275.903067,6275.903067,84.61,12.0,XPAR
2019-10-01 10:46:09.923767+02:00,6351.734201,6351.734201,84.55,29.0,XPAR
2019-10-01 10:46:09.923767+02:00,6351.734201,6351.734202000001,84.55,14.0,XPAR
2019-10-01 10:46:09.923767+02:00,6351.734201,6351.734203,84.55,6.0,XPAR
2019-10-01 10:46:09.923928+02:00,6351.734362,6351.734362,84.55,40.0,XPAR
2019-10-01 10:46:15.516466+02:00,6357.3269,6357.3269,84.56,1.0,XPAR
2019-10-01 10:46:15.518098+02:00,6357.328532,6357.328532,84.56,150.0,XPAR
2019-10-01 10:46:15.518098+02:00,6357.328532,6357.328533000001,84.56,171.0,XPAR
2019-10-01 10:46:15.520481+02:00,6357.330915,6357.330915,84.57,63.0,XPAR
2019-10-01 10:46:15.520481+02:00,6357.330915,6357.330916,84.57,51.0,XPAR
2019-10-01 10:47:01.939983+02:00,6403.750417,6403.750417,84.56,124.0,XPAR
2019-10-01 10:47:01.939983+02:00,6403.750417,6403.7504180000005,84.56,14.0,XPAR
2019-10-01 10:47:35.002085+02:00,6436.812519,6436.812519,84.5,26.0,XPAR
2019-10-01 10:47:49.680690+02:00,6451.491124,6451.491124,84.52,100.0,XPAR
2019-10-01 10:47:49.682697+02:00,6451.493131,6451.493131,84.52,61.0,XPAR
2019-10-01 10:47:49.682697+02:00,6451.493131,6451.4931320000005,84.52,47.0,XPAR
2019-10-01 10:48:14.425842+02:00,6476.236276,6476.236276,84.52,46.0,XPAR
2019-10-01 10:48:14.425842+02:00,6476.236276,6476.236277,84.52,196.0,XPAR
2019-10-01 10:48:14.425990+02:00,6476.236424,6476.236424,84.52,26.0,XPAR
2019-10-01 10:48:14.430562+02:00,6476.240996,6476.240996,84.53,51.0,XPAR
2019-10-01 10:48:30.618102+02:00,6492.428536,6492.428536,84.52,23.0,XPAR
2019-10-01 10:48:30.618102+02:00,6492.428536,6492.428537000001,84.52,47.0,XPAR
2019-10-01 10:48:30.714710+02:00,6492.525144,6492.525144,84.54,47.0,XPAR
2019-10-01 10:48:34.586099+02:00,6496.396533,6496.396533,84.55,46.0,XPAR
2019-10-01 10:48:34.784667+02:00,6496.595101,6496.595101,84.56,100.0,XPAR
2019-10-01 10:48:38.568862+02:00,6500.379296,6500.379296,84.57,74.0,XPAR
2019-10-01 10:48:56.423550+02:00,6518.233984,6518.233984,84.58,20.0,XPAR
2019-10-01 10:49:01.447553+02:00,6523.257987,6523.257987,84.59,150.0,XPAR
