trade_time_paris,MiFIDPrice,MiFIDQuantity,q_UncrossingTrade,q_FirstTradePrice,q_PassiveBuyOrder,q_AggressiveBuyOrder,sign,signed_qty,TradeType,MMTMarketMechanism,MMTTradingMode,Venue
2019-10-01 09:00:18.178966+02:00,85.25,30.0,1,1,0,0,0,0.0,1,1,O,XPAR
2019-10-01 09:00:18.178966+02:00,85.25,101.0,1,1,0,0,0,0.0,1,1,O,XPAR
2019-10-01 09:00:18.178966+02:00,85.25,201.0,1,1,0,0,0,0.0,1,1,O,XPAR
2019-10-01 09:00:18.178966+02:00,85.25,55.0,1,1,0,0,0,0.0,1,1,O,XPAR
2019-10-01 09:00:18.178966+02:00,85.25,139.0,1,1,0,0,0,0.0,1,1,O,XPAR
2019-10-01 09:00:18.178966+02:00,85.25,10.0,1,1,0,0,0,0.0,1,1,O,XPAR
2019-10-01 09:00:18.178966+02:00,85.25,1200.0,1,1,0,0,0,0.0,1,1,O,XPAR
2019-10-01 09:00:18.178966+02:00,85.25,5.0,1,1,0,0,0,0.0,1,1,O,XPAR
2019-10-01 09:00:18.178966+02:00,85.25,474.0,1,1,0,0,0,0.0,1,1,O,XPAR
2019-10-01 09:00:18.178966+02:00,85.25,360.0,1,1,0,0,0,0.0,1,1,O,XPAR
2019-10-01 09:00:18.178966+02:00,85.25,50.0,1,1,0,0,0,0.0,1,1,O,XPAR
2019-10-01 09:00:18.178966+02:00,85.25,645.0,1,1,0,0,0,0.0,1,1,O,XPAR
2019-10-01 09:00:18.178966+02:00,85.25,711.0,1,1,0,0,0,0.0,1,1,O,XPAR
2019-10-01 09:00:18.178966+02:00,85.25,43.0,1,1,0,0,0,0.0,1,1,O,XPAR
2019-10-01 09:00:18.178966+02:00,85.25,60.0,1,1,0,0,0,0.0,1,1,O,XPAR
2019-10-01 09:00:18.178966+02:00,85.25,37.0,1,1,0,0,0,0.0,1,1,O,XPAR
2019-10-01 09:00:18.178966+02:00,85.25,150.0,1,1,0,0,0,0.0,1,1,O,XPAR
2019-10-01 09:00:18.178966+02:00,85.25,11.0,1,1,0,0,0,0.0,1,1,O,XPAR
2019-10-01 09:00:18.178966+02:00,85.25,14.0,1,1,0,0,0,0.0,1,1,O,XPAR
2019-10-01 09:00:18.178966+02:00,85.25,48.0,1,1,0,0,0,0.0,1,1,O,XPAR
2019-10-01 09:00:18.178966+02:00,85.25,425.0,1,1,0,0,0,0.0,1,1,O,XPAR
2019-10-01 09:00:18.178966+02:00,85.25,25.0,1,1,0,0,0,0.0,1,1,O,XPAR
2019-10-01 09:00:18.178966+02:00,85.25,278.0,1,1,0,0,0,0.0,1,1,O,XPAR
2019-10-01 09:00:18.178966+02:00,85.25,266.0,1,1,0,0,0,0.0,1,1,O,XPAR
2019-10-01 09:00:18.178966+02:00,85.25,595.0,1,1,0,0,0,0.0,1,1,O,XPAR
2019-10-01 09:00:18.178966+02:00,85.25,283.0,1,1,0,0,0,0.0,1,1,O,XPAR
2019-10-01 09:00:18.178966+02:00,85.25,346.0,1,1,0,0,0,0.0,1,1,O,XPAR
2019-10-01 09:00:18.178966+02:00,85.25,502.0,1,1,0,0,0,0.0,1,1,O,XPAR
2019-10-01 09:00:18.178966+02:00,85.25,2434.0,1,1,0,0,0,0.0,1,1,O,XPAR
2019-10-01 09:00:18.178966+02:00,85.25,3.0,1,1,0,0,0,0.0,1,1,O,XPAR
2019-10-01 09:00:18.178966+02:00,85.25,151.0,1,1,0,0,0,0.0,1,1,O,XPAR
2019-10-01 09:00:18.178966+02:00,85.25,3.0,1,1,0,0,0,0.0,1,1,O,XPAR
2019-10-01 09:00:18.178966+02:00,85.25,30.0,1,1,0,0,0,0.0,1,1,O,XPAR
2019-10-01 09:00:18.178966+02:00,85.25,67.0,1,1,0,0,0,0.0,1,1,O,XPAR
2019-10-01 09:00:18.178966+02:00,85.25,203.0,1,1,0,0,0,0.0,1,1,O,XPAR
2019-10-01 09:00:18.178966+02:00,85.25,237.0,1,1,0,0,0,0.0,1,1,O,XPAR
2019-10-01 09:00:18.178966+02:00,85.25,11.0,1,1,0,0,0,0.0,1,1,O,XPAR
2019-10-01 09:00:18.178966+02:00,85.25,12.0,1,1,0,0,0,0.0,1,1,O,XPAR
2019-10-01 09:00:18.178966+02:00,85.25,130.0,1,1,0,0,0,0.0,1,1,O,XPAR
2019-10-01 09:00:18.178966+02:00,85.25,5.0,1,1,0,0,0,0.0,1,1,O,XPAR
2019-10-01 09:00:18.178966+02:00,85.25,1800.0,1,1,0,0,0,0.0,1,1,O,XPAR
2019-10-01 09:00:18.178966+02:00,85.25,51.0,1,1,0,0,0,0.0,1,1,O,XPAR
2019-10-01 09:00:18.178966+02:00,85.25,6.0,1,1,0,0,0,0.0,1,1,O,XPAR
2019-10-01 09:00:18.178966+02:00,85.25,134.0,1,1,0,0,0,0.0,1,1,O,XPAR
2019-10-01 09:00:18.178966+02:00,85.25,850.0,1,1,0,0,0,0.0,1,1,O,XPAR
2019-10-01 09:00:18.178966+02:00,85.25,12.0,1,1,0,0,0,0.0,1,1,O,XPAR
2019-10-01 09:00:18.178966+02:00,85.25,31.0,1,1,0,0,0,0.0,1,1,O,XPAR
2019-10-01 09:00:18.178966+02:00,85.25,20.0,1,1,0,0,0,0.0,1,1,O,XPAR
2019-10-01 09:00:18.178966+02:00,85.25,23.0,1,1,0,0,0,0.0,1,1,O,XPAR
2019-10-01 09:00:18.178966+02:00,85.25,40.0,1,1,0,0,0,0.0,1,1,O,XPAR
2019-10-01 09:00:18.178966+02:00,85.25,50.0,1,1,0,0,0,0.0,1,1,O,XPAR
2019-10-01 09:00:18.178966+02:00,85.25,65.0,1,1,0,0,0,0.0,1,1,O,XPAR
2019-10-01 09:00:18.178966+02:00,85.25,35.0,1,1,0,0,0,0.0,1,1,O,XPAR
2019-10-01 09:00:18.178966+02:00,85.25,161.0,1,1,0,0,0,0.0,1,1,O,XPAR
2019-10-01 09:00:18.178966+02:00,85.25,293.0,1,1,0,0,0,0.0,1,1,O,XPAR
2019-10-01 09:00:18.178966+02:00,85.25,229.0,1,1,0,0,0,0.0,1,1,O,XPAR
2019-10-01 09:00:18.178966+02:00,85.25,1129.0,1,1,0,0,0,0.0,1,1,O,XPAR
2019-10-01 09:00:18.178966+02:00,85.25,416.0,1,1,0,0,0,0.0,1,1,O,XPAR
2019-10-01 09:00:18.178966+02:00,85.25,200.0,1,1,0,0,0,0.0,1,1,O,XPAR
2019-10-01 09:00:18.178966+02:00,85.25,1.0,1,1,0,0,0,0.0,1,1,O,XPAR
2019-10-01 09:00:18.178966+02:00,85.25,97.0,1,1,0,0,0,0.0,1,1,O,XPAR
2019-10-01 09:00:18.178966+02:00,85.25,801.0,1,1,0,0,0,0.0,1,1,O,XPAR
2019-10-01 09:00:18.178966+02:00,85.25,199.0,1,1,0,0,0,0.0,1,1,O,XPAR
2019-10-01 09:00:18.178966+02:00,85.25,13.0,1,1,0,0,0,0.0,1,1,O,XPAR
2019-10-01 09:00:18.178966+02:00,85.25,50.0,1,1,0,0,0,0.0,1,1,O,XPAR
2019-10-01 09:00:18.178966+02:00,85.25,149.0,1,1,0,0,0,0.0,1,1,O,XPAR
2019-10-01 09:00:18.178966+02:00,85.25,30.0,1,1,0,0,0,0.0,1,1,O,XPAR
2019-10-01 09:00:18.178966+02:00,85.25,14.0,1,1,0,0,0,0.0,1,1,O,XPAR
2019-10-01 09:00:18.178966+02:00,85.25,261.0,1,1,0,0,0,0.0,1,1,O,XPAR
2019-10-01 09:00:18.178966+02:00,85.25,79.0,1,1,0,0,0,0.0,1,1,O,XPAR
2019-10-01 09:00:18.178966+02:00,85.25,79.0,1,1,0,0,0,0.0,1,1,O,XPAR
2019-10-01 09:00:18.178966+02:00,85.25,79.0,1,1,0,0,0,0.0,1,1,O,XPAR
2019-10-01 09:00:18.178966+02:00,85.25,79.0,1,1,0,0,0,0.0,1,1,O,XPAR
2019-10-01 09:00:18.178966+02:00,85.25,79.0,1,1,0,0,0,0.0,1,1,O,XPAR
2019-10-01 09:00:18.178966+02:00,85.25,578.0,1,1,0,0,0,0.0,1,1,O,XPAR
2019-10-01 09:00:18.178966+02:00,85.25,234.0,1,1,0,0,0,0.0,1,1,O,XPAR
2019-10-01 09:00:18.178966+02:00,85.25,466.0,1,1,0,0,0,0.0,1,1,O,XPAR
2019-10-01 09:00:18.178966+02:00,85.25,298.0,1,1,0,0,0,0.0,1,1,O,XPAR
2019-10-01 09:00:18.178966+02:00,85.25,87.0,1,1,0,0,0,0.0,1,1,O,XPAR
2019-10-01 09:00:18.178966+02:00,85.25,128.0,1,1,0,0,0,0.0,1,1,O,XPAR
2019-10-01 09:00:18.178966+02:00,85.25,85.0,1,1,0,0,0,0.0,1,1,O,XPAR
2019-10-01 09:00:18.178966+02:00,85.25,35.0,1,1,0,0,0,0.0,1,1,O,XPAR
2019-10-01 09:00:18.178966+02:00,85.25,4.0,1,1,0,0,0,0.0,1,1,O,XPAR
2019-10-01 09:00:18.178966+02:00,85.25,2.0,1,1,0,0,0,0.0,1,1,O,XPAR
2019-10-01 09:00:18.178966+02:00,85.25,3.0,1,1,0,0,0,0.0,1,1,O,XPAR
2019-10-01 09:00:18.178966+02:00,85.25,15.0,1,1,0,0,0,0.0,1,1,O,XPAR
2019-10-01 09:00:18.178966+02:00,85.25,15.0,1,1,0,0,0,0.0,1,1,O,XPAR
2019-10-01 09:00:18.178966+02:00,85.25,5.0,1,1,0,0,0,0.0,1,1,O,XPAR
2019-10-01 09:00:18.178966+02:00,85.25,8.0,1,1,0,0,0,0.0,1,1,O,XPAR
2019-10-01 09:00:18.178966+02:00,85.25,409.0,1,1,0,0,0,0.0,1,1,O,XPAR
2019-10-01 09:00:18.178966+02:00,85.25,31.0,1,1,0,0,0,0.0,1,1,O,XPAR
2019-10-01 09:00:18.178966+02:00,85.25,97.0,1,1,0,0,0,0.0,1,1,O,XPAR
2019-10-01 09:00:18.178966+02:00,85.25,3.0,1,1,0,0,0,0.0,1,1,O,XPAR
2019-10-01 09:00:18.178966+02:00,85.25,11.0,1,1,0,0,0,0.0,1,1,O,XPAR
2019-10-01 09:00:18.178966+02:00,85.25,9.0,1,1,0,0,0,0.0,1,1,O,XPAR
2019-10-01 09:00:18.178966+02:00,85.25,6.0,1,1,0,0,0,0.0,1,1,O,XPAR
2019-10-01 09:00:18.178966+02:00,85.25,34.0,1,1,0,0,0,0.0,1,1,O,XPAR
2019-10-01 09:00:18.178966+02:00,85.25,82.0,1,1,0,0,0,0.0,1,1,O,XPAR
2019-10-01 09:00:18.178966+02:00,85.25,18.0,1,1,0,0,0,0.0,1,1,O,XPAR
2019-10-01 09:00:18.178966+02:00,85.25,20.0,1,1,0,0,0,0.0,1,1,O,XPAR
2019-10-01 09:00:18.178966+02:00,85.25,40.0,1,1,0,0,0,0.0,1,1,O,XPAR
2019-10-01 09:00:18.178966+02:00,85.25,40.0,1,1,0,0,0,0.0,1,1,O,XPAR
2019-10-01 09:00:18.178966+02:00,85.25,2.0,1,1,0,0,0,0.0,1,1,O,XPAR
2019-10-01 09:00:18.178966+02:00,85.25,13.0,1,1,0,0,0,0.0,1,1,O,XPAR
2019-10-01 09:00:18.178966+02:00,85.25,8.0,1,1,0,0,0,0.0,1,1,O,XPAR
2019-10-01 09:00:18.178966+02:00,85.25,31.0,1,1,0,0,0,0.0,1,1,O,XPAR
2019-10-01 09:00:18.178966+02:00,85.25,33.0,1,1,0,0,0,0.0,1,1,O,XPAR
2019-10-01 09:00:18.178966+02:00,85.25,11.0,1,1,0,0,0,0.0,1,1,O,XPAR
2019-10-01 09:00:18.178966+02:00,85.25,44.0,1,1,0,0,0,0.0,1,1,O,XPAR
2019-10-01 09:00:18.178966+02:00,85.25,84.0,1,1,0,0,0,0.0,1,1,O,XPAR
2019-10-01 09:00:18.178966+02:00,85.25,18.0,1,1,0,0,0,0.0,1,1,O,XPAR
2019-10-01 09:00:18.178966+02:00,85.25,2.0,1,1,0,0,0,0.0,1,1,O,XPAR
2019-10-01 09:00:18.178966+02:00,85.25,16.0,1,1,0,0,0,0.0,1,1,O,XPAR
2019-10-01 09:00:18.178966+02:00,85.25,3.0,1,1,0,0,0,0.0,1,1,O,XPAR
2019-10-01 09:00:18.178966+02:00,85.25,31.0,1,1,0,0,0,0.0,1,1,O,XPAR
2019-10-01 09:00:18.178966+02:00,85.25,44.0,1,1,0,0,0,0.0,1,1,O,XPAR
2019-10-01 09:00:18.178966+02:00,85.25,904.0,1,1,0,0,0,0.0,1,1,O,XPAR
2019-10-01 09:00:18.178966+02:00,85.25,20.0,1,1,0,0,0,0.0,1,1,O,XPAR
2019-10-01 09:00:18.178966+02:00,85.25,144.0,1,1,0,0,0,0.0,1,1,O,XPAR
2019-10-01 09:00:18.178966+02:00,85.25,5.0,1,1,0,0,0,0.0,1,1,O,XPAR
2019-10-01 09:00:18.178966+02:00,85.25,72.0,1,1,0,0,0,0.0,1,1,O,XPAR
2019-10-01 09:00:18.178966+02:00,85.25,464.0,1,1,0,0,0,0.0,1,1,O,XPAR
2019-10-01 09:00:18.178966+02:00,85.25,1104.0,1,1,0,0,0,0.0,1,1,O,XPAR
2019-10-01 09:00:18.178966+02:00,85.25,693.0,1,1,0,0,0,0.0,1,1,O,XPAR
2019-10-01 09:00:18.178966+02:00,85.25,400.0,1,1,0,0,0,0.0,1,1,O,XPAR
2019-10-01 09:00:18.178966+02:00,85.25,5.0,1,1,0,0,0,0.0,1,1,O,XPAR
2019-10-01 09:00:18.178966+02:00,85.25,472.0,1,1,0,0,0,0.0,1,1,O,XPAR
2019-10-01 09:00:18.178966+02:00,85.25,30.0,1,1,0,0,0,0.0,1,1,O,XPAR
2019-10-01 09:00:18.178966+02:00,85.25,2.0,1,1,0,0,0,0.0,1,1,O,XPAR
2019-10-01 09:00:18.178966+02:00,85.25,11.0,1,1,0,0,0,0.0,1,1,O,XPAR
2019-10-01 09:00:18.178966+02:00,85.25,7.0,1,1,0,0,0,0.0,1,1,O,XPAR
2019-10-01 09:00:18.178966+02:00,85.25,400.0,1,1,0,0,0,0.0,1,1,O,XPAR
2019-10-01 09:00:18.178966+02:00,85.25,20.0,1,1,0,0,0,0.0,1,1,O,XPAR
2019-10-01 09:00:18.178966+02:00,85.25,20.0,1,1,0,0,0,0.0,1,1,O,XPAR
2019-10-01 09:00:18.178966+02:00,85.25,172.0,1,1,0,0,0,0.0,1,1,O,XPAR
2019-10-01 09:00:18.178966+02:00,85.25,136.0,1,1,0,0,0,0.0,1,1,O,XPAR
2019-10-01 09:00:18.178966+02:00,85.25,852.0,1,1,0,0,0,0.0,1,1,O,XPAR
2019-10-01 09:00:18.178966+02:00,85.25,51.0,1,1,0,0,0,0.0,1,1,O,XPAR
2019-10-01 09:00:18.178966+02:00,85.25,115.0,1,1,0,0,0,0.0,1,1,O,XPAR
2019-10-01 09:00:18.178966+02:00,85.25,42.0,1,1,0,0,0,0.0,1,1,O,XPAR
2019-10-01 09:00:18.178966+02:00,85.25,17.0,1,1,0,0,0,0.0,1,1,O,XPAR
2019-10-01 09:00:18.178966+02:00,85.25,90.0,1,1,0,0,0,0.0,1,1,O,XPAR
2019-10-01 09:00:18.178966+02:00,85.25,27.0,1,1,0,0,0,0.0,1,1,O,XPAR
2019-10-01 09:00:18.178966+02:00,85.25,80.0,1,1,0,0,0,0.0,1,1,O,XPAR
2019-10-01 09:00:18.178966+02:00,85.25,327.0,1,1,0,0,0,0.0,1,1,O,XPAR
2019-10-01 09:00:18.178966+02:00,85.25,20.0,1,1,0,0,0,0.0,1,1,O,XPAR
2019-10-01 09:00:18.178966+02:00,85.25,114.0,1,1,0,0,0,0.0,1,1,O,XPAR
2019-10-01 09:00:18.178966+02:00,85.25,86.0,1,1,0,0,0,0.0,1,1,O,XPAR
2019-10-01 09:00:18.178966+02:00,85.25,90.0,1,1,0,0,0,0.0,1,1,O,XPAR
2019-10-01 09:00:18.178966+02:00,85.25,72.0,1,1,0,0,0,0.0,1,1,O,XPAR
2019-10-01 09:00:18.178966+02:00,85.25,20.0,1,1,0,0,0,0.0,1,1,O,XPAR
2019-10-01 09:00:18.178966+02:00,85.25,20.0,1,1,0,0,0,0.0,1,1,O,XPAR
2019-10-01 09:00:18.178966+02:00,85.25,84.0,1,1,0,0,0,0.0,1,1,O,XPAR
2019-10-01 09:00:18.189566+02:00,85.3,442.0,0,0,0,1,1,442.0,1,1,2,XPAR
2019-10-01 09:00:18.189566+02:00,85.29,46.0,0,0,0,1,1,46.0,1,1,2,XPAR
2019-10-01 09:00:18.189566+02:00,85.3,12.0,0,0,0,1,1,12.0,1,1,2,XPAR
2019-10-01 09:00:18.599244+02:00,85.25,239.0,0,0,0,1,1,239.0,1,1,2,XPAR
2019-10-01 09:00:18.599831+02:00,85.3,12.0,0,0,0,1,1,12.0,1,1,2,XPAR
2019-10-01 09:00:18.599831+02:00,85.3,7.0,0,0,0,1,1,7.0,1,1,2,XPAR
2019-10-01 09:00:18.599831+02:00,85.3,2.0,0,0,0,1,1,2.0,1,1,2,XPAR
2019-10-01 09:00:18.599831+02:00,85.3,93.0,0,0,0,1,1,93.0,1,1,2,XPAR
2019-10-01 09:00:18.599831+02:00,85.3,36.0,0,0,0,1,1,36.0,1,1,2,XPAR
2019-10-01 09:00:18.674750+02:00,85.3,131.0,0,0,0,1,1,131.0,1,1,2,XPAR
2019-10-01 09:00:18.674979+02:00,85.34,41.0,0,0,0,1,1,41.0,1,1,2,XPAR
2019-10-01 09:00:18.686307+02:00,85.32,101.0,0,0,0,1,1,101.0,1,1,2,XPAR
2019-10-01 09:00:18.697716+02:00,85.3,75.0,0,0,1,0,-1,-75.0,1,1,2,XPAR
2019-10-01 09:00:18.754287+02:00,85.3,56.0,0,0,1,0,-1,-56.0,1,1,2,XPAR
2019-10-01 09:00:18.824521+02:00,85.3,179.0,0,0,1,0,-1,-179.0,1,1,2,XPAR
2019-10-01 09:00:18.873733+02:00,85.29,150.0,0,0,0,1,1,150.0,1,1,2,XPAR
2019-10-01 09:00:18.873733+02:00,85.3,36.0,0,0,0,1,1,36.0,1,1,2,XPAR
2019-10-01 09:00:18.875604+02:00,85.3,143.0,0,0,0,1,1,143.0,1,1,2,XPAR
2019-10-01 09:00:18.875604+02:00,85.3,179.0,0,0,0,1,1,179.0,1,1,2,XPAR
2019-10-01 09:00:18.875785+02:00,85.32,150.0,0,0,0,1,1,150.0,1,1,2,XPAR
2019-10-01 09:00:19.326374+02:00,85.32,150.0,0,0,0,1,1,150.0,1,1,2,XPAR
2019-10-01 09:00:19.327101+02:00,85.33,3.0,0,0,0,1,1,3.0,1,1,2,XPAR
2019-10-01 09:00:19.327101+02:00,85.34,150.0,0,0,0,1,1,150.0,1,1,2,XPAR
2019-10-01 09:00:19.327157+02:00,85.35,121.0,0,0,0,1,1,121.0,1,1,2,XPAR
2019-10-01 09:00:19.973249+02:00,85.33,110.0,0,0,1,0,-1,-110.0,1,1,2,XPAR
2019-10-01 09:00:19.973330+02:00,85.33,140.0,0,0,1,0,-1,-140.0,1,1,2,XPAR
2019-10-01 09:00:19.973330+02:00,85.33,24.0,0,0,1,0,-1,-24.0,1,1,2,XPAR
2019-10-01 09:00:19.974003+02:00,85.32,653.0,0,0,1,0,-1,-653.0,1,1,2,XPAR
2019-10-01 09:00:19.974129+02:00,85.32,47.0,0,0,1,0,-1,-47.0,1,1,2,XPAR
2019-10-01 09:00:19.974129+02:00,85.32,36.0,0,0,1,0,-1,-36.0,1,1,2,XPAR
2019-10-01 09:00:20.019658+02:00,85.31,159.0,0,0,1,0,-1,-159.0,1,1,2,XPAR
2019-10-01 09:00:20.155513+02:00,85.31,13.0,0,0,0,1,1,13.0,1,1,2,XPAR
2019-10-01 09:00:21.804491+02:00,85.3,150.0,0,0,1,0,-1,-150.0,1,1,2,XPAR
2019-10-01 09:00:24.387550+02:00,85.29,67.0,0,0,1,0,-1,-67.0,1,1,2,XPAR
2019-10-01 09:00:24.387550+02:00,85.29,137.0,0,0,1,0,-1,-137.0,1,1,2,XPAR
2019-10-01 09:00:24.387550+02:00,85.29,140.0,0,0,1,0,-1,-140.0,1,1,2,XPAR
2019-10-01 09:00:24.388301+02:00,85.28,153.0,0,0,1,0,-1,-153.0,1,1,2,XPAR
2019-10-01 09:00:24.388345+02:00,85.27,153.0,0,0,1,0,-1,-153.0,1,1,2,XPAR
2019-10-01 09:00:24.389767+02:00,85.26,37.0,0,0,1,0,-1,-37.0,1,1,2,XPAR
2019-10-01 09:00:24.403873+02:00,85.27,53.0,0,0,1,0,-1,-53.0,1,1,2,XPAR
2019-10-01 09:00:24.404212+02:00,85.21,50.0,0,0,1,0,-1,-50.0,1,1,2,XPAR
2019-10-01 09:00:24.726594+02:00,85.27,55.0,0,0,0,1,1,55.0,1,1,2,XPAR
2019-10-01 09:00:32.721341+02:00,85.21,3767.0,0,0,0,1,1,3767.0,1,1,2,XPAR
2019-10-01 09:00:32.721594+02:00,85.21,608.0,0,0,1,0,-1,-608.0,1,1,2,XPAR
2019-10-01 09:00:32.870620+02:00,85.27,133.0,0,0,1,0,-1,-133.0,1,1,2,XPAR
2019-10-01 09:00:32.889330+02:00,85.27,144.0,0,0,0,1,1,144.0,1,1,2,XPAR
2019-10-01 09:00:32.889330+02:00,85.27,41.0,0,0,0,1,1,41.0,1,1,2,XPAR
2019-10-01 09:00:33.065431+02:00,85.27,103.0,0,0,0,1,1,103.0,1,1,2,XPAR
2019-10-01 09:00:33.757264+02:00,85.25,31.0,0,0,1,0,-1,-31.0,1,1,2,XPAR
2019-10-01 09:00:33.757394+02:00,85.25,100.0,0,0,1,0,-1,-100.0,1,1,2,XPAR
2019-10-01 09:00:33.757394+02:00,85.25,132.0,0,0,1,0,-1,-132.0,1,1,2,XPAR
2019-10-01 09:00:33.757394+02:00,85.25,86.0,0,0,1,0,-1,-86.0,1,1,2,XPAR
2019-10-01 09:00:33.757521+02:00,85.22,150.0,0,0,1,0,-1,-150.0,1,1,2,XPAR
2019-10-01 09:00:34.186614+02:00,85.24,136.0,0,0,1,0,-1,-136.0,1,1,2,XPAR
2019-10-01 09:00:34.186614+02:00,85.24,141.0,0,0,1,0,-1,-141.0,1,1,2,XPAR
2019-10-01 09:00:34.186614+02:00,85.24,135.0,0,0,1,0,-1,-135.0,1,1,2,XPAR
2019-10-01 09:00:34.187174+02:00,85.21,306.0,0,0,1,0,-1,-306.0,1,1,2,XPAR
2019-10-01 09:00:34.187174+02:00,85.21,94.0,0,0,1,0,-1,-94.0,1,1,2,XPAR
2019-10-01 09:00:34.187228+02:00,85.21,41.0,0,0,1,0,-1,-41.0,1,1,2,XPAR
2019-10-01 09:00:34.187273+02:00,85.2,133.0,0,0,1,0,-1,-133.0,1,1,2,XPAR
2019-10-01 09:00:34.187273+02:00,85.19,150.0,0,0,1,0,-1,-150.0,1,1,2,XPAR
2019-10-01 09:00:34.187273+02:00,85.19,58.0,0,0,1,0,-1,-58.0,1,1,2,XPAR
2019-10-01 09:00:34.187867+02:00,85.18,13.0,0,0,1,0,-1,-13.0,1,1,2,XPAR
2019-10-01 09:00:34.187867+02:00,85.17,37.0,0,0,1,0,-1,-37.0,1,1,2,XPAR
2019-10-01 09:00:34.188271+02:00,85.16,64.0,0,0,1,0,-1,-64.0,1,1,2,XPAR
2019-10-01 09:00:34.394734+02:00,85.18,140.0,0,0,1,0,-1,-140.0,1,1,2,XPAR
2019-10-01 09:00:34.496744+02:00,85.18,178.0,0,0,1,0,-1,-178.0,1,1,2,XPAR
2019-10-01 09:00:34.698438+02:00,85.18,150.0,0,0,1,0,-1,-150.0,1,1,2,XPAR
2019-10-01 09:00:34.705282+02:00,85.18,134.0,0,0,1,0,-1,-134.0,1,1,2,XPAR
2019-10-01 09:00:34.960565+02:00,85.21,132.0,0,0,0,1,1,132.0,1,1,2,XPAR
2019-10-01 09:00:34.960565+02:00,85.21,120.0,0,0,0,1,1,120.0,1,1,2,XPAR
2019-10-01 09:00:34.961387+02:00,85.19,150.0,0,0,1,0,-1,-150.0,1,1,2,XPAR
2019-10-01 09:00:35.014424+02:00,85.21,2.0,0,0,0,1,1,2.0,1,1,2,XPAR
2019-10-01 09:00:35.042954+02:00,85.21,42.0,0,0,0,1,1,42.0,1,1,2,XPAR
2019-10-01 09:00:35.223211+02:00,85.21,141.0,0,0,1,0,-1,-141.0,1,1,2,XPAR
2019-10-01 09:00:35.232093+02:00,85.21,78.0,0,0,0,1,1,78.0,1,1,2,XPAR
2019-10-01 09:00:35.232141+02:00,85.2,177.0,0,0,1,0,-1,-177.0,1,1,2,XPAR
2019-10-01 09:00:35.232283+02:00,85.2,166.0,0,0,0,1,1,166.0,1,1,2,XPAR
2019-10-01 09:00:35.232912+02:00,85.19,150.0,0,0,1,0,-1,-150.0,1,1,2,XPAR
2019-10-01 09:00:35.232952+02:00,85.18,110.0,0,0,1,0,-1,-110.0,1,1,2,XPAR
2019-10-01 09:00:35.261116+02:00,85.2,138.0,0,0,1,0,-1,-138.0,1,1,2,XPAR
2019-10-01 09:00:35.286871+02:00,85.2,151.0,0,0,0,1,1,151.0,1,1,2,XPAR
2019-10-01 09:00:35.286871+02:00,85.2,36.0,0,0,0,1,1,36.0,1,1,2,XPAR
2019-10-01 09:00:36.148193+02:00,85.18,27.0,0,0,0,1,1,27.0,1,1,2,XPAR
2019-10-01 09:00:37.862257+02:00,85.14,150.0,0,0,1,0,-1,-150.0,1,1,2,XPAR
2019-10-01 09:00:37.862257+02:00,85.14,176.0,0,0,1,0,-1,-176.0,1,1,2,XPAR
2019-10-01 09:00:37.862257+02:00,85.14,85.0,0,0,1,0,-1,-85.0,1,1,2,XPAR
2019-10-01 09:00:37.862257+02:00,85.14,69.0,0,0,1,0,-1,-69.0,1,1,2,XPAR
2019-10-01 09:00:37.862401+02:00,85.14,128.0,0,0,1,0,-1,-128.0,1,1,2,XPAR
2019-10-01 09:00:37.862401+02:00,85.14,100.0,0,0,1,0,-1,-100.0,1,1,2,XPAR
2019-10-01 09:00:37.863131+02:00,85.13,316.0,0,0,1,0,-1,-316.0,1,1,2,XPAR
2019-10-01 09:00:37.863131+02:00,85.13,164.0,0,0,1,0,-1,-164.0,1,1,2,XPAR
2019-10-01 09:01:20.955552+02:00,85.17,65.0,0,0,0,1,1,65.0,1,1,2,XPAR
2019-10-01 09:01:20.955684+02:00,85.18,51.0,0,0,0,1,1,51.0,1,1,2,XPAR
2019-10-01 09:01:20.955684+02:00,85.18,37.0,0,0,0,1,1,37.0,1,1,2,XPAR
2019-10-01 09:01:20.955771+02:00,85.19,150.0,0,0,0,1,1,150.0,1,1,2,XPAR
2019-10-01 09:01:20.955771+02:00,85.2,85.0,0,0,0,1,1,85.0,1,1,2,XPAR
2019-10-01 09:01:20.955771+02:00,85.2,69.0,0,0,0,1,1,69.0,1,1,2,XPAR
2019-10-01 09:01:20.955771+02:00,85.21,69.0,0,0,0,1,1,69.0,1,1,2,XPAR
2019-10-01 09:01:20.955880+02:00,85.21,81.0,0,0,0,1,1,81.0,1,1,2,XPAR
2019-10-01 09:01:20.955880+02:00,85.21,69.0,0,0,0,1,1,69.0,1,1,2,XPAR
2019-10-01 09:01:20.955880+02:00,85.22,90.0,0,0,0,1,1,90.0,1,1,2,XPAR
2019-10-01 09:01:20.956128+02:00,85.23,150.0,0,0,0,1,1,150.0,1,1,2,XPAR
2019-10-01 09:01:20.956128+02:00,85.22,69.0,0,0,0,1,1,69.0,1,1,2,XPAR
2019-10-01 09:01:21.046137+02:00,85.24,71.0,0,0,0,1,1,71.0,1,1,2,XPAR
2019-10-01 09:01:22.445452+02:00,85.36,171.0,0,0,0,1,1,171.0,1,1,2,XPAR
2019-10-01 09:01:34.323849+02:00,85.31,150.0,0,0,1,0,-1,-150.0,1,1,2,XPAR
2019-10-01 09:01:34.323849+02:00,85.31,140.0,0,0,1,0,-1,-140.0,1,1,2,XPAR
2019-10-01 09:01:34.323849+02:00,85.31,139.0,0,0,1,0,-1,-139.0,1,1,2,XPAR
2019-10-01 09:01:34.323849+02:00,85.31,135.0,0,0,1,0,-1,-135.0,1,1,2,XPAR
2019-10-01 09:01:34.325127+02:00,85.32,110.0,0,0,1,0,-1,-110.0,1,1,2,XPAR
2019-10-01 09:01:34.326581+02:00,85.32,95.0,0,0,0,1,1,95.0,1,1,2,XPAR
2019-10-01 09:01:34.439676+02:00,85.3,110.0,0,0,1,0,-1,-110.0,1,1,2,XPAR
2019-10-01 09:01:34.440317+02:00,85.29,212.0,0,0,1,0,-1,-212.0,1,1,2,XPAR
2019-10-01 09:01:34.506373+02:00,85.3,134.0,0,0,1,0,-1,-134.0,1,1,2,XPAR
2019-10-01 09:01:34.518733+02:00,85.3,51.0,0,0,0,1,1,51.0,1,1,2,XPAR
2019-10-01 09:01:34.518733+02:00,85.3,134.0,0,0,0,1,1,134.0,1,1,2,XPAR
2019-10-01 09:01:34.670424+02:00,85.3,104.0,0,0,0,1,1,104.0,1,1,2,XPAR
2019-10-01 09:01:34.670424+02:00,85.3,155.0,0,0,0,1,1,155.0,1,1,2,XPAR
2019-10-01 09:01:34.670424+02:00,85.3,109.0,0,0,0,1,1,109.0,1,1,2,XPAR
2019-10-01 09:01:36.336680+02:00,85.3,36.0,0,0,0,1,1,36.0,1,1,2,XPAR
2019-10-01 09:01:36.336877+02:00,85.28,36.0,0,0,1,0,-1,-36.0,1,1,2,XPAR
2019-10-01 09:01:36.336877+02:00,85.27,114.0,0,0,1,0,-1,-114.0,1,1,2,XPAR
2019-10-01 09:01:36.337063+02:00,85.29,125.0,0,0,1,0,-1,-125.0,1,1,2,XPAR
2019-10-01 09:01:36.337633+02:00,85.3,18.0,0,0,0,1,1,18.0,1,1,2,XPAR
2019-10-01 09:01:36.337702+02:00,85.3,58.0,0,0,0,1,1,58.0,1,1,2,XPAR
2019-10-01 09:01:36.337797+02:00,85.3,16.0,0,0,0,1,1,16.0,1,1,2,XPAR
2019-10-01 09:01:38.409537+02:00,85.26,150.0,0,0,1,0,-1,-150.0,1,1,2,XPAR
2019-10-01 09:01:38.409537+02:00,85.27,150.0,0,0,1,0,-1,-150.0,1,1,2,XPAR
2019-10-01 09:01:38.409537+02:00,85.27,100.0,0,0,1,0,-1,-100.0,1,1,2,XPAR
2019-10-01 09:01:38.409789+02:00,85.26,924.0,0,0,0,1,1,924.0,1,1,2,XPAR
2019-10-01 09:01:38.409892+02:00,85.25,150.0,0,0,1,0,-1,-150.0,1,1,2,XPAR
2019-10-01 09:01:38.409892+02:00,85.25,165.0,0,0,1,0,-1,-165.0,1,1,2,XPAR
2019-10-01 09:01:38.409892+02:00,85.25,101.0,0,0,1,0,-1,-101.0,1,1,2,XPAR
2019-10-01 09:01:38.410613+02:00,85.24,133.0,0,0,1,0,-1,-133.0,1,1,2,XPAR
2019-10-01 09:01:38.410707+02:00,85.26,935.0,0,0,0,1,1,935.0,1,1,2,XPAR
2019-10-01 09:01:38.431370+02:00,85.24,47.0,0,0,1,0,-1,-47.0,1,1,2,XPAR
2019-10-01 09:01:38.431450+02:00,85.24,22.0,0,0,1,0,-1,-22.0,1,1,2,XPAR
2019-10-01 09:01:38.437538+02:00,85.25,43.0,0,0,1,0,-1,-43.0,1,1,2,XPAR
2019-10-01 09:01:38.600383+02:00,85.23,112.0,0,0,1,0,-1,-112.0,1,1,2,XPAR
2019-10-01 09:01:39.649962+02:00,85.19,35.0,0,0,1,0,-1,-35.0,1,1,2,XPAR
2019-10-01 09:02:08.916117+02:00,85.21,184.0,0,0,0,1,1,184.0,1,1,2,XPAR
2019-10-01 09:02:08.916218+02:00,85.21,528.0,0,0,0,1,1,528.0,1,1,2,XPAR
2019-10-01 09:02:08.916304+02:00,85.21,1038.0,0,0,0,1,1,1038.0,1,1,2,XPAR
2019-10-01 09:02:36.801298+02:00,85.2,10.0,0,0,1,0,-1,-10.0,1,1,2,XPAR
2019-10-01 09:02:36.813674+02:00,85.2,3.0,0,0,1,0,-1,-3.0,1,1,2,XPAR
2019-10-01 09:02:36.813674+02:00,85.2,4.0,0,0,1,0,-1,-4.0,1,1,2,XPAR
2019-10-01 09:02:55.247952+02:00,85.2,3.0,0,0,1,0,-1,-3.0,1,1,2,XPAR
2019-10-01 09:02:55.247952+02:00,85.2,60.0,0,0,1,0,-1,-60.0,1,1,2,XPAR
2019-10-01 09:02:55.248772+02:00,85.18,150.0,0,0,1,0,-1,-150.0,1,1,2,XPAR
2019-10-01 09:02:55.248772+02:00,85.19,100.0,0,0,1,0,-1,-100.0,1,1,2,XPAR
2019-10-01 09:03:07.480555+02:00,85.19,80.0,0,0,0,1,1,80.0,1,1,2,XPAR
2019-10-01 09:03:09.695449+02:00,85.18,150.0,0,0,1,0,-1,-150.0,1,1,2,XPAR
2019-10-01 09:03:09.695449+02:00,85.18,100.0,0,0,1,0,-1,-100.0,1,1,2,XPAR
2019-10-01 09:03:22.971245+02:00,85.17,13.0,0,0,1,0,-1,-13.0,1,1,2,XPAR
2019-10-01 09:03:22.971245+02:00,85.17,6.0,0,0,1,0,-1,-6.0,1,1,2,XPAR
2019-10-01 09:03:22.971245+02:00,85.17,110.0,0,0,1,0,-1,-110.0,1,1,2,XPAR
2019-10-01 09:03:22.971245+02:00,85.17,27.0,0,0,1,0,-1,-27.0,1,1,2,XPAR
2019-10-01 09:03:26.272125+02:00,85.22,2.0,0,0,0,1,1,2.0,20,1,2,XPAR
2019-10-01 09:03:26.571081+02:00,85.22,16.0,0,0,0,1,1,16.0,1,1,2,XPAR
2019-10-01 09:03:27.385511+02:00,85.25,100.0,0,0,0,1,1,100.0,1,1,2,XPAR
2019-10-01 09:03:32.966225+02:00,85.2,100.0,0,0,1,0,-1,-100.0,1,1,2,XPAR
2019-10-01 09:03:32.982221+02:00,85.19,125.0,0,0,1,0,-1,-125.0,1,1,2,XPAR
2019-10-01 09:03:42.486550+02:00,85.19,39.0,0,0,1,0,-1,-39.0,1,1,2,XPAR
2019-10-01 09:03:42.486550+02:00,85.19,77.0,0,0,1,0,-1,-77.0,1,1,2,XPAR
2019-10-01 09:03:43.024495+02:00,85.23,150.0,0,0,0,1,1,150.0,1,1,2,XPAR
2019-10-01 09:03:55.021278+02:00,85.22,13.0,0,0,1,0,-1,-13.0,1,1,2,XPAR
2019-10-01 09:03:55.021278+02:00,85.22,70.0,0,0,1,0,-1,-70.0,1,1,2,XPAR
2019-10-01 09:03:55.021278+02:00,85.22,170.0,0,0,1,0,-1,-170.0,1,1,2,XPAR
2019-10-01 09:03:55.021278+02:00,85.24,100.0,0,0,1,0,-1,-100.0,1,1,2,XPAR
2019-10-01 09:03:55.021278+02:00,85.23,150.0,0,0,1,0,-1,-150.0,1,1,2,XPAR
2019-10-01 09:03:55.021700+02:00,85.22,234.0,0,0,0,1,1,234.0,1,1,2,XPAR
2019-10-01 09:03:55.021739+02:00,85.22,489.0,0,0,0,1,1,489.0,1,1,2,XPAR
2019-10-01 09:03:55.021774+02:00,85.22,255.0,0,0,0,1,1,255.0,1,1,2,XPAR
2019-10-01 09:03:55.021847+02:00,85.22,123.0,0,0,1,0,-1,-123.0,1,1,2,XPAR
2019-10-01 09:03:55.021847+02:00,85.21,39.0,0,0,1,0,-1,-39.0,1,1,2,XPAR
2019-10-01 09:03:55.021847+02:00,85.21,92.0,0,0,1,0,-1,-92.0,1,1,2,XPAR
2019-10-01 09:03:55.022096+02:00,85.22,281.0,0,0,1,0,-1,-281.0,1,1,2,XPAR
2019-10-01 09:03:55.022272+02:00,85.22,47.0,0,0,1,0,-1,-47.0,1,1,2,XPAR
2019-10-01 09:03:55.022487+02:00,85.2,20.0,0,0,1,0,-1,-20.0,1,1,2,XPAR
2019-10-01 09:03:55.022487+02:00,85.2,105.0,0,0,1,0,-1,-105.0,1,1,2,XPAR
2019-10-01 09:03:55.022487+02:00,85.2,43.0,0,0,1,0,-1,-43.0,1,1,2,XPAR
2019-10-01 09:03:55.022487+02:00,85.22,185.0,0,0,1,0,-1,-185.0,1,1,2,XPAR
2019-10-01 09:03:55.022487+02:00,85.22,35.0,0,0,1,0,-1,-35.0,1,1,2,XPAR
2019-10-01 09:03:55.068105+02:00,85.23,62.0,0,0,1,0,-1,-62.0,1,1,2,XPAR
2019-10-01 09:03:55.610726+02:00,85.23,150.0,0,0,1,0,-1,-150.0,1,1,2,XPAR
2019-10-01 09:03:56.191976+02:00,85.25,140.0,0,0,0,1,1,140.0,1,1,2,XPAR
2019-10-01 09:03:56.192062+02:00,85.25,10.0,0,0,0,1,1,10.0,1,1,2,XPAR
2019-10-01 09:03:58.011923+02:00,85.23,66.0,0,0,1,0,-1,-66.0,1,1,2,XPAR
2019-10-01 09:04:22.709849+02:00,85.23,25.0,0,0,1,0,-1,-25.0,20,1,2,XPAR
2019-10-01 09:04:52.092286+02:00,85.23,6.0,0,0,1,0,-1,-6.0,1,1,2,XPAR
2019-10-01 09:04:52.092365+02:00,85.22,90.0,0,0,1,0,-1,-90.0,1,1,2,XPAR
2019-10-01 09:04:52.092365+02:00,85.22,80.0,0,0,1,0,-1,-80.0,1,1,2,XPAR
2019-10-01 09:04:52.092793+02:00,85.2,37.0,0,0,1,0,-1,-37.0,1,1,2,XPAR
2019-10-01 09:04:52.092793+02:00,85.2,110.0,0,0,1,0,-1,-110.0,1,1,2,XPAR
2019-10-01 09:04:52.092793+02:00,85.2,88.0,0,0,1,0,-1,-88.0,1,1,2,XPAR
2019-10-01 09:04:54.438328+02:00,85.21,90.0,0,0,1,0,-1,-90.0,1,1,2,XPAR
2019-10-01 09:04:55.810391+02:00,85.2,13.0,0,0,1,0,-1,-13.0,1,1,2,XPAR
2019-10-01 09:04:55.810391+02:00,85.2,60.0,0,0,1,0,-1,-60.0,1,1,2,XPAR
2019-10-01 09:04:55.843971+02:00,85.2,47.0,0,0,1,0,-1,-47.0,1,1,2,XPAR
2019-10-01 09:04:55.845079+02:00,85.2,52.0,0,0,0,1,1,52.0,1,1,2,XPAR
2019-10-01 09:05:06.300950+02:00,85.16,110.0,0,0,1,0,-1,-110.0,1,1,2,XPAR
2019-10-01 09:05:06.301752+02:00,85.15,100.0,0,0,1,0,-1,-100.0,1,1,2,XPAR
2019-10-01 09:05:06.301939+02:00,85.14,66.0,0,0,1,0,-1,-66.0,1,1,2,XPAR
2019-10-01 09:05:06.302969+02:00,85.14,150.0,0,0,0,1,1,150.0,1,1,2,XPAR
2019-10-01 09:05:06.302969+02:00,85.15,64.0,0,0,0,1,1,64.0,1,1,2,XPAR
2019-10-01 09:05:06.307748+02:00,85.15,40.0,0,0,0,1,1,40.0,1,1,2,XPAR
2019-10-01 09:05:07.310306+02:00,85.13,10.0,0,0,0,1,1,10.0,1,1,2,XPAR
2019-10-01 09:05:24.095206+02:00,85.12,26.0,0,0,1,0,-1,-26.0,1,1,2,XPAR
2019-10-01 09:05:24.095440+02:00,85.1,150.0,0,0,1,0,-1,-150.0,1,1,2,XPAR
2019-10-01 09:05:25.349689+02:00,85.09,6.0,0,0,1,0,-1,-6.0,1,1,2,XPAR
2019-10-01 09:05:25.349689+02:00,85.09,110.0,0,0,1,0,-1,-110.0,1,1,2,XPAR
2019-10-01 09:05:30.383680+02:00,85.07,61.0,0,0,1,0,-1,-61.0,1,1,2,XPAR
2019-10-01 09:05:30.389166+02:00,85.06,20.0,0,0,1,0,-1,-20.0,1,1,2,XPAR
2019-10-01 09:05:30.389166+02:00,85.05,80.0,0,0,1,0,-1,-80.0,1,1,2,XPAR
2019-10-01 09:05:30.389226+02:00,85.05,20.0,0,0,1,0,-1,-20.0,1,1,2,XPAR
2019-10-01 09:05:38.150815+02:00,85.07,104.0,0,0,0,1,1,104.0,1,1,2,XPAR
2019-10-01 09:05:38.151022+02:00,85.09,86.0,0,0,0,1,1,86.0,1,1,2,XPAR
2019-10-01 09:05:38.151022+02:00,85.09,150.0,0,0,0,1,1,150.0,1,1,2,XPAR
2019-10-01 09:05:38.154943+02:00,85.07,339.0,0,0,0,1,1,339.0,1,1,2,XPAR
2019-10-01 09:05:38.241184+02:00,85.08,140.0,0,0,1,0,-1,-140.0,1,1,2,XPAR
2019-10-01 09:05:38.241184+02:00,85.08,120.0,0,0,1,0,-1,-120.0,1,1,2,XPAR
2019-10-01 09:05:41.202803+02:00,85.11,150.0,0,0,0,1,1,150.0,1,1,2,XPAR
2019-10-01 09:05:41.202803+02:00,85.11,59.0,0,0,0,1,1,59.0,1,1,2,XPAR
2019-10-01 09:05:41.203380+02:00,85.1,10.0,0,0,0,1,1,10.0,1,1,2,XPAR
2019-10-01 09:05:45.191271+02:00,85.1,150.0,0,0,1,0,-1,-150.0,1,1,2,XPAR
2019-10-01 09:05:45.191271+02:00,85.1,24.0,0,0,1,0,-1,-24.0,1,1,2,XPAR
2019-10-01 09:05:45.191271+02:00,85.1,45.0,0,0,1,0,-1,-45.0,1,1,2,XPAR
2019-10-01 09:05:45.239181+02:00,85.1,56.0,0,0,1,0,-1,-56.0,1,1,2,XPAR
2019-10-01 09:05:45.844591+02:00,85.11,101.0,0,0,0,1,1,101.0,1,1,2,XPAR
2019-10-01 09:05:49.435077+02:00,85.12,6.0,0,0,0,1,1,6.0,1,1,2,XPAR
2019-10-01 09:05:49.435077+02:00,85.12,62.0,0,0,0,1,1,62.0,1,1,2,XPAR
2019-10-01 09:05:53.274688+02:00,85.18,2.0,0,0,0,1,1,2.0,20,1,2,XPAR
2019-10-01 09:05:53.357940+02:00,85.19,150.0,0,0,0,1,1,150.0,1,1,2,XPAR
2019-10-01 09:05:53.358081+02:00,85.2,100.0,0,0,0,1,1,100.0,1,1,2,XPAR
2019-10-01 09:05:53.358081+02:00,85.2,16.0,0,0,0,1,1,16.0,1,1,2,XPAR
2019-10-01 09:05:53.358081+02:00,85.21,80.0,0,0,0,1,1,80.0,1,1,2,XPAR
2019-10-01 09:05:53.358081+02:00,85.21,98.0,0,0,0,1,1,98.0,1,1,2,XPAR
2019-10-01 09:05:53.358708+02:00,85.17,23.0,0,0,1,0,-1,-23.0,1,1,2,XPAR
2019-10-01 09:05:53.358830+02:00,85.19,150.0,0,0,0,1,1,150.0,1,1,2,XPAR
2019-10-01 09:05:53.358946+02:00,85.19,26.0,0,0,0,1,1,26.0,1,1,2,XPAR
2019-10-01 09:05:53.359252+02:00,85.19,24.0,0,0,0,1,1,24.0,1,1,2,XPAR
2019-10-01 09:05:53.359728+02:00,85.19,27.0,0,0,1,0,-1,-27.0,1,1,2,XPAR
2019-10-01 09:05:53.369430+02:00,85.16,100.0,0,0,1,0,-1,-100.0,1,1,2,XPAR
2019-10-01 09:05:53.369430+02:00,85.16,69.0,0,0,1,0,-1,-69.0,1,1,2,XPAR
2019-10-01 09:05:53.373924+02:00,85.15,109.0,0,0,1,0,-1,-109.0,1,1,2,XPAR
2019-10-01 09:05:54.400971+02:00,85.18,6.0,0,0,0,1,1,6.0,1,1,2,XPAR
2019-10-01 09:05:54.400971+02:00,85.18,110.0,0,0,0,1,1,110.0,1,1,2,XPAR
2019-10-01 09:05:54.401144+02:00,85.18,17.0,0,0,1,0,-1,-17.0,1,1,2,XPAR
2019-10-01 09:05:54.490203+02:00,85.17,100.0,0,0,1,0,-1,-100.0,1,1,2,XPAR
2019-10-01 09:05:54.490481+02:00,85.19,8.0,0,0,0,1,1,8.0,1,1,2,XPAR
2019-10-01 09:05:54.490481+02:00,85.19,150.0,0,0,0,1,1,150.0,1,1,2,XPAR
2019-10-01 09:05:54.592455+02:00,85.19,148.0,0,0,0,1,1,148.0,1,1,2,XPAR
2019-10-01 09:05:54.592455+02:00,85.19,14.0,0,0,0,1,1,14.0,1,1,2,XPAR
2019-10-01 09:05:55.639055+02:00,85.21,150.0,0,0,0,1,1,150.0,1,1,2,XPAR
2019-10-01 09:05:55.639219+02:00,85.21,16.0,0,0,1,0,-1,-16.0,1,1,2,XPAR
2019-10-01 09:05:55.744702+02:00,85.22,100.0,0,0,0,1,1,100.0,1,1,2,XPAR
2019-10-01 09:05:55.744887+02:00,85.23,29.0,0,0,0,1,1,29.0,1,1,2,XPAR
2019-10-01 09:05:55.754143+02:00,85.22,13.0,0,0,1,0,-1,-13.0,1,1,2,XPAR
2019-10-01 09:05:55.960984+02:00,85.22,91.0,0,0,0,1,1,91.0,1,1,2,XPAR
2019-10-01 09:05:55.960984+02:00,85.22,13.0,0,0,0,1,1,13.0,1,1,2,XPAR
2019-10-01 09:05:55.962865+02:00,85.22,44.0,0,0,0,1,1,44.0,1,1,2,XPAR
2019-10-01 09:05:55.962975+02:00,85.22,22.0,0,0,0,1,1,22.0,1,1,2,XPAR
2019-10-01 09:05:55.992636+02:00,85.22,50.0,0,0,0,1,1,50.0,1,1,2,XPAR
2019-10-01 09:05:57.452870+02:00,85.23,66.0,0,0,1,0,-1,-66.0,1,1,2,XPAR
2019-10-01 09:05:57.453137+02:00,85.25,150.0,0,0,0,1,1,150.0,1,1,2,XPAR
2019-10-01 09:05:57.453137+02:00,85.25,20.0,0,0,0,1,1,20.0,1,1,2,XPAR
2019-10-01 09:05:57.453288+02:00,85.22,72.0,0,0,1,0,-1,-72.0,1,1,2,XPAR
2019-10-01 09:05:58.205219+02:00,85.22,21.0,0,0,1,0,-1,-21.0,1,1,2,XPAR
2019-10-01 09:05:58.207390+02:00,85.24,90.0,0,0,0,1,1,90.0,1,1,2,XPAR
2019-10-01 09:05:58.207622+02:00,85.24,69.0,0,0,1,0,-1,-69.0,1,1,2,XPAR
2019-10-01 09:05:58.207752+02:00,85.24,69.0,0,0,1,0,-1,-69.0,1,1,2,XPAR
2019-10-01 09:05:58.207823+02:00,85.24,31.0,0,0,1,0,-1,-31.0,1,1,2,XPAR
2019-10-01 09:05:58.208284+02:00,85.25,65.0,0,0,0,1,1,65.0,1,1,2,XPAR
2019-10-01 09:05:58.335614+02:00,85.23,150.0,0,0,1,0,-1,-150.0,1,1,2,XPAR
2019-10-01 09:05:58.739369+02:00,85.22,100.0,0,0,1,0,-1,-100.0,1,1,2,XPAR
2019-10-01 09:05:59.707390+02:00,85.25,145.0,0,0,1,0,-1,-145.0,1,1,2,XPAR
2019-10-01 09:06:03.047900+02:00,85.26,100.0,0,0,1,0,-1,-100.0,1,1,2,XPAR
2019-10-01 09:06:03.047900+02:00,85.26,18.0,0,0,1,0,-1,-18.0,1,1,2,XPAR
2019-10-01 09:06:03.048254+02:00,85.28,150.0,0,0,0,1,1,150.0,1,1,2,XPAR
2019-10-01 09:06:03.054583+02:00,85.28,14.0,0,0,0,1,1,14.0,1,1,2,XPAR
2019-10-01 09:06:03.054583+02:00,85.28,16.0,0,0,0,1,1,16.0,1,1,2,XPAR
2019-10-01 09:06:04.023936+02:00,85.26,50.0,0,0,1,0,-1,-50.0,20,1,2,XPAR
2019-10-01 09:06:04.023936+02:00,85.26,150.0,0,0,1,0,-1,-150.0,1,1,2,XPAR
2019-10-01 09:06:04.024097+02:00,85.26,37.0,0,0,1,0,-1,-37.0,1,1,2,XPAR
2019-10-01 09:06:04.024097+02:00,85.26,44.0,0,0,1,0,-1,-44.0,1,1,2,XPAR
2019-10-01 09:06:04.048585+02:00,85.27,100.0,0,0,0,1,1,100.0,1,1,2,XPAR
2019-10-01 09:06:04.150905+02:00,85.25,150.0,0,0,1,0,-1,-150.0,1,1,2,XPAR
2019-10-01 09:06:04.150905+02:00,85.25,75.0,0,0,1,0,-1,-75.0,1,1,2,XPAR
2019-10-01 09:06:04.590231+02:00,85.25,53.0,0,0,1,0,-1,-53.0,1,1,2,XPAR
2019-10-01 09:06:05.721102+02:00,85.26,65.0,0,0,0,1,1,65.0,1,1,2,XPAR
2019-10-01 09:06:10.031493+02:00,85.28,75.0,0,0,0,1,1,75.0,1,1,2,XPAR
2019-10-01 09:06:10.031583+02:00,85.28,41.0,0,0,0,1,1,41.0,1,1,2,XPAR
2019-10-01 09:06:10.031628+02:00,85.28,45.0,0,0,0,1,1,45.0,1,1,2,XPAR
2019-10-01 09:06:10.031712+02:00,85.28,47.0,0,0,0,1,1,47.0,1,1,2,XPAR
2019-10-01 09:06:11.945509+02:00,85.28,15.0,0,0,0,1,1,15.0,1,1,2,XPAR
2019-10-01 09:06:11.945509+02:00,85.28,6.0,0,0,0,1,1,6.0,1,1,2,XPAR
2019-10-01 09:06:11.945509+02:00,85.28,24.0,0,0,0,1,1,24.0,1,1,2,XPAR
2019-10-01 09:06:11.945811+02:00,85.28,6.0,0,0,1,0,-1,-6.0,1,1,2,XPAR
2019-10-01 09:06:15.230438+02:00,85.28,92.0,0,0,0,1,1,92.0,1,1,2,XPAR
2019-10-01 09:06:15.230438+02:00,85.28,245.0,0,0,0,1,1,245.0,1,1,2,XPAR
2019-10-01 09:06:15.230653+02:00,85.28,12.0,0,0,0,1,1,12.0,1,1,2,XPAR
2019-10-01 09:06:15.230946+02:00,85.28,12.0,0,0,1,0,-1,-12.0,1,1,2,XPAR
2019-10-01 09:06:15.230946+02:00,85.28,8.0,0,0,1,0,-1,-8.0,1,1,2,XPAR
2019-10-01 09:06:15.230946+02:00,85.27,130.0,0,0,1,0,-1,-130.0,1,1,2,XPAR
2019-10-01 09:06:15.326986+02:00,85.28,21.0,0,0,1,0,-1,-21.0,1,1,2,XPAR
2019-10-01 09:06:15.327078+02:00,85.26,48.0,0,0,1,0,-1,-48.0,1,1,2,XPAR
2019-10-01 09:06:17.347335+02:00,85.28,150.0,0,0,0,1,1,150.0,1,1,2,XPAR
2019-10-01 09:06:21.692505+02:00,85.28,108.0,0,0,0,1,1,108.0,1,1,2,XPAR
2019-10-01 09:06:22.526947+02:00,85.26,150.0,0,0,1,0,-1,-150.0,1,1,2,XPAR
2019-10-01 09:06:23.086004+02:00,85.28,121.0,0,0,0,1,1,121.0,1,1,2,XPAR
2019-10-01 09:06:26.406857+02:00,85.25,97.0,0,0,1,0,-1,-97.0,1,1,2,XPAR
2019-10-01 09:06:26.406857+02:00,85.25,52.0,0,0,1,0,-1,-52.0,1,1,2,XPAR
2019-10-01 09:06:28.800578+02:00,85.24,150.0,0,0,0,1,1,150.0,1,1,2,XPAR
2019-10-01 09:06:35.000207+02:00,85.23,10.0,0,0,1,0,-1,-10.0,1,1,2,XPAR
2019-10-01 09:06:35.000207+02:00,85.23,4.0,0,0,1,0,-1,-4.0,1,1,2,XPAR
2019-10-01 09:06:35.000390+02:00,85.2,78.0,0,0,1,0,-1,-78.0,1,1,2,XPAR
2019-10-01 09:06:35.000390+02:00,85.2,174.0,0,0,1,0,-1,-174.0,1,1,2,XPAR
2019-10-01 09:06:35.000390+02:00,85.22,13.0,0,0,1,0,-1,-13.0,1,1,2,XPAR
2019-10-01 09:06:35.000390+02:00,85.2,150.0,0,0,1,0,-1,-150.0,1,1,2,XPAR
2019-10-01 09:06:35.000503+02:00,85.19,100.0,0,0,1,0,-1,-100.0,1,1,2,XPAR
2019-10-01 09:06:35.000503+02:00,85.19,78.0,0,0,1,0,-1,-78.0,1,1,2,XPAR
2019-10-01 09:06:55.427766+02:00,85.2,79.0,0,0,1,0,-1,-79.0,1,1,2,XPAR
2019-10-01 09:06:55.427766+02:00,85.2,68.0,0,0,1,0,-1,-68.0,1,1,2,XPAR
2019-10-01 09:06:55.465109+02:00,85.19,74.0,0,0,0,1,1,74.0,1,1,2,XPAR
2019-10-01 09:06:55.465196+02:00,85.19,76.0,0,0,0,1,1,76.0,1,1,2,XPAR
2019-10-01 09:07:00.390249+02:00,85.16,46.0,0,0,1,0,-1,-46.0,1,1,2,XPAR
2019-10-01 09:07:10.390355+02:00,85.14,100.0,0,0,0,1,1,100.0,1,1,2,XPAR
2019-10-01 09:07:10.390450+02:00,85.14,32.0,0,0,0,1,1,32.0,1,1,2,XPAR
2019-10-01 09:07:10.390450+02:00,85.14,50.0,0,0,0,1,1,50.0,1,1,2,XPAR
2019-10-01 09:07:10.645368+02:00,85.15,400.0,0,0,0,1,1,400.0,1,1,2,XPAR
2019-10-01 09:07:10.645408+02:00,85.15,311.0,0,0,0,1,1,311.0,1,1,2,XPAR
2019-10-01 09:07:10.645408+02:00,85.15,15.0,0,0,0,1,1,15.0,1,1,2,XPAR
2019-10-01 09:07:10.645408+02:00,85.15,73.0,0,0,0,1,1,73.0,1,1,2,XPAR
2019-10-01 09:07:10.646926+02:00,85.17,22.0,0,0,0,1,1,22.0,1,1,2,XPAR
2019-10-01 09:07:11.062371+02:00,85.15,150.0,0,0,1,0,-1,-150.0,1,1,2,XPAR
2019-10-01 09:07:13.676293+02:00,85.18,30.0,0,0,0,1,1,30.0,1,1,2,XPAR
2019-10-01 09:07:16.034172+02:00,85.17,19.0,0,0,1,0,-1,-19.0,1,1,2,XPAR
2019-10-01 09:07:24.712917+02:00,85.2,100.0,0,0,0,1,1,100.0,1,1,2,XPAR
2019-10-01 09:07:24.713044+02:00,85.2,19.0,0,0,0,1,1,19.0,1,1,2,XPAR
2019-10-01 09:07:24.713044+02:00,85.2,68.0,0,0,0,1,1,68.0,1,1,2,XPAR
2019-10-01 09:07:24.713044+02:00,85.2,50.0,0,0,0,1,1,50.0,1,1,2,XPAR
2019-10-01 09:07:26.403248+02:00,85.18,120.0,0,0,1,0,-1,-120.0,1,1,2,XPAR
2019-10-01 09:07:26.415234+02:00,85.17,68.0,0,0,1,0,-1,-68.0,1,1,2,XPAR
2019-10-01 09:07:27.814030+02:00,85.2,79.0,0,0,0,1,1,79.0,1,1,2,XPAR
2019-10-01 09:07:27.814030+02:00,85.2,23.0,0,0,0,1,1,23.0,1,1,2,XPAR
2019-10-01 09:07:27.817632+02:00,85.2,6.0,0,0,0,1,1,6.0,1,1,2,XPAR
2019-10-01 09:07:27.820785+02:00,85.2,45.0,0,0,0,1,1,45.0,1,1,2,XPAR
2019-10-01 09:07:27.823936+02:00,85.2,20.0,0,0,1,0,-1,-20.0,1,1,2,XPAR
2019-10-01 09:07:33.900196+02:00,85.21,256.0,0,0,1,0,-1,-256.0,1,1,2,XPAR
2019-10-01 09:07:33.900278+02:00,85.21,51.0,0,0,1,0,-1,-51.0,1,1,2,XPAR
2019-10-01 09:07:33.901195+02:00,85.2,102.0,0,0,1,0,-1,-102.0,1,1,2,XPAR
2019-10-01 09:07:33.901936+02:00,85.19,150.0,0,0,1,0,-1,-150.0,1,1,2,XPAR
2019-10-01 09:07:33.901936+02:00,85.19,7.0,0,0,1,0,-1,-7.0,1,1,2,XPAR
2019-10-01 09:07:43.475572+02:00,85.15,50.0,0,0,1,0,-1,-50.0,1,1,2,XPAR
2019-10-01 09:07:43.476536+02:00,85.14,70.0,0,0,1,0,-1,-70.0,1,1,2,XPAR
2019-10-01 09:07:47.720319+02:00,85.15,17.0,0,0,0,1,1,17.0,1,1,2,XPAR
2019-10-01 09:07:51.472008+02:00,85.16,33.0,0,0,0,1,1,33.0,1,1,2,XPAR
2019-10-01 09:07:51.472008+02:00,85.16,467.0,0,0,0,1,1,467.0,20,1,2,XPAR
2019-10-01 09:07:55.486236+02:00,85.15,150.0,0,0,1,0,-1,-150.0,1,1,2,XPAR
2019-10-01 09:07:55.489845+02:00,85.14,8.0,0,0,1,0,-1,-8.0,1,1,2,XPAR
2019-10-01 09:07:55.489845+02:00,85.14,150.0,0,0,1,0,-1,-150.0,1,1,2,XPAR
2019-10-01 09:07:58.166935+02:00,85.14,8.0,0,0,1,0,-1,-8.0,1,1,2,XPAR
2019-10-01 09:07:58.173796+02:00,85.14,170.0,0,0,0,1,1,170.0,1,1,2,XPAR
2019-10-01 09:07:58.173796+02:00,85.14,19.0,0,0,0,1,1,19.0,1,1,2,XPAR
2019-10-01 09:07:58.173796+02:00,85.14,150.0,0,0,0,1,1,150.0,1,1,2,XPAR
2019-10-01 09:07:58.173796+02:00,85.14,90.0,0,0,0,1,1,90.0,1,1,2,XPAR
2019-10-01 09:07:58.180717+02:00,85.15,6.0,0,0,0,1,1,6.0,1,1,2,XPAR
2019-10-01 09:07:58.180717+02:00,85.15,50.0,0,0,0,1,1,50.0,1,1,2,XPAR
2019-10-01 09:07:58.180717+02:00,85.15,170.0,0,0,0,1,1,170.0,1,1,2,XPAR
2019-10-01 09:08:00.067930+02:00,85.16,32.0,0,0,0,1,1,32.0,1,1,2,XPAR
2019-10-01 09:08:00.067930+02:00,85.16,13.0,0,0,0,1,1,13.0,1,1,2,XPAR
2019-10-01 09:08:00.067996+02:00,85.15,150.0,0,0,1,0,-1,-150.0,1,1,2,XPAR
2019-10-01 09:08:04.889720+02:00,85.17,21.0,0,0,0,1,1,21.0,1,1,2,XPAR
2019-10-01 09:08:04.890772+02:00,85.18,12.0,0,0,0,1,1,12.0,1,1,2,XPAR
2019-10-01 09:08:04.890772+02:00,85.18,65.0,0,0,0,1,1,65.0,1,1,2,XPAR
2019-10-01 09:08:04.891563+02:00,85.19,34.0,0,0,0,1,1,34.0,1,1,2,XPAR
2019-10-01 09:08:09.263225+02:00,85.19,233.0,0,0,1,0,-1,-233.0,1,1,2,XPAR
2019-10-01 09:08:09.264640+02:00,85.2,102.0,0,0,0,1,1,102.0,1,1,2,XPAR
2019-10-01 09:08:09.264640+02:00,85.19,28.0,0,0,0,1,1,28.0,1,1,2,XPAR
2019-10-01 09:08:09.264640+02:00,85.2,42.0,0,0,0,1,1,42.0,1,1,2,XPAR
2019-10-01 09:08:09.264640+02:00,85.19,131.0,0,0,0,1,1,131.0,1,1,2,XPAR
2019-10-01 09:08:09.264640+02:00,85.19,90.0,0,0,0,1,1,90.0,1,1,2,XPAR
2019-10-01 09:08:09.264640+02:00,85.2,204.0,0,0,0,1,1,204.0,1,1,2,XPAR
2019-10-01 09:08:09.390830+02:00,85.2,2.0,0,0,0,1,1,2.0,1,1,2,XPAR
2019-10-01 09:08:09.527444+02:00,85.21,39.0,0,0,0,1,1,39.0,1,1,2,XPAR
2019-10-01 09:08:09.527780+02:00,85.21,10.0,0,0,0,1,1,10.0,1,1,2,XPAR
2019-10-01 09:08:10.229546+02:00,85.22,46.0,0,0,0,1,1,46.0,1,1,2,XPAR
2019-10-01 09:08:13.314229+02:00,85.23,33.0,0,0,0,1,1,33.0,1,1,2,XPAR
2019-10-01 09:08:15.001445+02:00,85.22,53.0,0,0,1,0,-1,-53.0,1,1,2,XPAR
2019-10-01 09:08:15.001445+02:00,85.22,17.0,0,0,1,0,-1,-17.0,1,1,2,XPAR
2019-10-01 09:08:21.566666+02:00,85.19,234.0,0,0,1,0,-1,-234.0,1,1,2,XPAR
2019-10-01 09:08:21.566722+02:00,85.19,220.0,0,0,1,0,-1,-220.0,1,1,2,XPAR
2019-10-01 09:08:21.566722+02:00,85.19,61.0,0,0,1,0,-1,-61.0,1,1,2,XPAR
2019-10-01 09:08:21.566722+02:00,85.19,100.0,0,0,1,0,-1,-100.0,1,1,2,XPAR
2019-10-01 09:08:21.569913+02:00,85.17,142.0,0,0,1,0,-1,-142.0,1,1,2,XPAR
2019-10-01 09:08:21.606746+02:00,85.18,39.0,0,0,0,1,1,39.0,1,1,2,XPAR
2019-10-01 09:08:21.607636+02:00,85.19,47.0,0,0,0,1,1,47.0,1,1,2,XPAR
2019-10-01 09:08:21.646455+02:00,85.2,35.0,0,0,0,1,1,35.0,1,1,2,XPAR
2019-10-01 09:08:23.744279+02:00,85.21,41.0,0,0,0,1,1,41.0,1,1,2,XPAR
2019-10-01 09:08:34.630532+02:00,85.22,65.0,0,0,0,1,1,65.0,1,1,2,XPAR
2019-10-01 09:08:40.278204+02:00,85.21,120.0,0,0,1,0,-1,-120.0,1,1,2,XPAR
2019-10-01 09:08:48.433664+02:00,85.2,234.0,0,0,1,0,-1,-234.0,1,1,2,XPAR
2019-10-01 09:08:48.433774+02:00,85.2,6.0,0,0,1,0,-1,-6.0,1,1,2,XPAR
2019-10-01 09:08:48.434672+02:00,85.2,11.0,0,0,1,0,-1,-11.0,1,1,2,XPAR
2019-10-01 09:08:50.349787+02:00,85.22,56.0,0,0,0,1,1,56.0,1,1,2,XPAR
2019-10-01 09:08:50.349787+02:00,85.22,44.0,0,0,0,1,1,44.0,1,1,2,XPAR
2019-10-01 09:09:12.086447+02:00,85.2,120.0,0,0,1,0,-1,-120.0,1,1,2,XPAR
2019-10-01 09:09:13.087461+02:00,85.19,94.0,0,0,1,0,-1,-94.0,1,1,2,XPAR
2019-10-01 09:09:13.088583+02:00,85.18,100.0,0,0,1,0,-1,-100.0,1,1,2,XPAR
2019-10-01 09:09:13.143277+02:00,85.19,38.0,0,0,0,1,1,38.0,1,1,2,XPAR
2019-10-01 09:09:13.143367+02:00,85.19,112.0,0,0,0,1,1,112.0,1,1,2,XPAR
2019-10-01 09:09:16.481051+02:00,85.18,150.0,0,0,1,0,-1,-150.0,1,1,2,XPAR
2019-10-01 09:09:18.000227+02:00,85.17,55.0,0,0,1,0,-1,-55.0,1,1,2,XPAR
2019-10-01 09:09:18.000290+02:00,85.17,207.0,0,0,1,0,-1,-207.0,1,1,2,XPAR
2019-10-01 09:09:18.001416+02:00,85.16,104.0,0,0,1,0,-1,-104.0,1,1,2,XPAR
2019-10-01 09:09:18.001453+02:00,85.16,72.0,0,0,1,0,-1,-72.0,1,1,2,XPAR
2019-10-01 09:09:18.014560+02:00,85.16,72.0,0,0,0,1,1,72.0,1,1,2,XPAR
2019-10-01 09:09:18.014560+02:00,85.16,24.0,0,0,0,1,1,24.0,1,1,2,XPAR
2019-10-01 09:09:18.014560+02:00,85.16,102.0,0,0,0,1,1,102.0,1,1,2,XPAR
2019-10-01 09:09:18.017355+02:00,85.17,29.0,0,0,0,1,1,29.0,1,1,2,XPAR
2019-10-01 09:09:18.017435+02:00,85.17,1.0,0,0,0,1,1,1.0,1,1,2,XPAR
2019-10-01 09:09:19.350486+02:00,85.18,12.0,0,0,0,1,1,12.0,1,1,2,XPAR
2019-10-01 09:09:19.350593+02:00,85.18,3.0,0,0,0,1,1,3.0,1,1,2,XPAR
2019-10-01 09:09:19.352811+02:00,85.18,128.0,0,0,1,0,-1,-128.0,1,1,2,XPAR
2019-10-01 09:09:29.000794+02:00,85.16,27.0,0,0,1,0,-1,-27.0,1,1,2,XPAR
2019-10-01 09:09:29.000794+02:00,85.16,49.0,0,0,1,0,-1,-49.0,1,1,2,XPAR
2019-10-01 09:09:29.000860+02:00,85.16,210.0,0,0,1,0,-1,-210.0,1,1,2,XPAR
2019-10-01 09:09:29.001179+02:00,85.16,6.0,0,0,1,0,-1,-6.0,1,1,2,XPAR
2019-10-01 09:09:29.016979+02:00,85.17,167.0,0,0,0,1,1,167.0,1,1,2,XPAR
2019-10-01 09:09:29.016979+02:00,85.17,13.0,0,0,0,1,1,13.0,1,1,2,XPAR
2019-10-01 09:09:29.016979+02:00,85.17,11.0,0,0,0,1,1,11.0,1,1,2,XPAR
2019-10-01 09:09:29.016979+02:00,85.17,36.0,0,0,0,1,1,36.0,1,1,2,XPAR
2019-10-01 09:09:29.016979+02:00,85.17,150.0,0,0,0,1,1,150.0,1,1,2,XPAR
2019-10-01 09:09:29.227358+02:00,85.17,65.0,0,0,1,0,-1,-65.0,1,1,2,XPAR
2019-10-01 09:09:29.227438+02:00,85.17,85.0,0,0,1,0,-1,-85.0,1,1,2,XPAR
2019-10-01 09:09:34.996570+02:00,85.16,89.0,0,0,1,0,-1,-89.0,1,1,2,XPAR
2019-10-01 09:09:34.996570+02:00,85.16,96.0,0,0,1,0,-1,-96.0,1,1,2,XPAR
2019-10-01 09:09:35.001764+02:00,85.15,162.0,0,0,0,1,1,162.0,1,1,2,XPAR
2019-10-01 09:09:35.008418+02:00,85.15,444.0,0,0,1,0,-1,-444.0,1,1,2,XPAR
2019-10-01 09:09:35.008723+02:00,85.16,12.0,0,0,0,1,1,12.0,1,1,2,XPAR
2019-10-01 09:09:35.103990+02:00,85.17,34.0,0,0,1,0,-1,-34.0,1,1,2,XPAR
2019-10-01 09:09:35.214544+02:00,85.18,38.0,0,0,0,1,1,38.0,1,1,2,XPAR
2019-10-01 09:09:35.214544+02:00,85.18,44.0,0,0,0,1,1,44.0,1,1,2,XPAR
2019-10-01 09:09:35.264425+02:00,85.17,150.0,0,0,1,0,-1,-150.0,1,1,2,XPAR
2019-10-01 09:09:35.273895+02:00,85.18,3.0,0,0,0,1,1,3.0,1,1,2,XPAR
2019-10-01 09:09:39.826175+02:00,85.16,45.0,0,0,1,0,-1,-45.0,1,1,2,XPAR
2019-10-01 09:09:39.895128+02:00,85.15,100.0,0,0,0,1,1,100.0,1,1,2,XPAR
2019-10-01 09:09:39.895220+02:00,85.15,57.0,0,0,0,1,1,57.0,1,1,2,XPAR
2019-10-01 09:09:39.895220+02:00,85.15,32.0,0,0,0,1,1,32.0,1,1,2,XPAR
2019-10-01 09:09:40.908663+02:00,85.15,150.0,0,0,0,1,1,150.0,1,1,2,XPAR
2019-10-01 09:09:40.963367+02:00,85.13,45.0,0,0,1,0,-1,-45.0,1,1,2,XPAR
2019-10-01 09:09:51.913363+02:00,85.14,80.0,0,0,0,1,1,80.0,1,1,2,XPAR
2019-10-01 09:09:51.913363+02:00,85.14,17.0,0,0,0,1,1,17.0,1,1,2,XPAR
2019-10-01 09:09:51.913448+02:00,85.14,80.0,0,0,0,1,1,80.0,1,1,2,XPAR
2019-10-01 09:09:51.913448+02:00,85.14,17.0,0,0,0,1,1,17.0,1,1,2,XPAR
2019-10-01 09:09:51.913589+02:00,85.14,80.0,0,0,0,1,1,80.0,1,1,2,XPAR
2019-10-01 09:09:51.913589+02:00,85.14,17.0,0,0,0,1,1,17.0,1,1,2,XPAR
2019-10-01 09:09:51.913699+02:00,85.14,80.0,0,0,0,1,1,80.0,1,1,2,XPAR
2019-10-01 09:09:51.913699+02:00,85.14,17.0,0,0,0,1,1,17.0,1,1,2,XPAR
2019-10-01 09:09:51.913921+02:00,85.14,80.0,0,0,0,1,1,80.0,1,1,2,XPAR
2019-10-01 09:10:02.111515+02:00,85.12,12.0,0,0,1,0,-1,-12.0,1,1,2,XPAR
2019-10-01 09:10:02.112789+02:00,85.11,40.0,0,0,1,0,-1,-40.0,1,1,2,XPAR
2019-10-01 09:10:02.211649+02:00,85.12,150.0,0,0,0,1,1,150.0,1,1,2,XPAR
2019-10-01 09:10:02.211649+02:00,85.12,49.0,0,0,0,1,1,49.0,1,1,2,XPAR
2019-10-01 09:10:02.211649+02:00,85.12,14.0,0,0,0,1,1,14.0,1,1,2,XPAR
2019-10-01 09:10:02.515304+02:00,85.13,4.0,0,0,0,1,1,4.0,1,1,2,XPAR
2019-10-01 09:10:03.309725+02:00,85.12,128.0,0,0,1,0,-1,-128.0,1,1,2,XPAR
2019-10-01 09:10:03.309834+02:00,85.12,22.0,0,0,1,0,-1,-22.0,1,1,2,XPAR
2019-10-01 09:10:03.309834+02:00,85.12,18.0,0,0,1,0,-1,-18.0,1,1,2,XPAR
2019-10-01 09:10:09.000244+02:00,85.11,49.0,0,0,1,0,-1,-49.0,1,1,2,XPAR
2019-10-01 09:10:12.930576+02:00,85.1,11.0,0,0,1,0,-1,-11.0,1,1,2,XPAR
2019-10-01 09:10:19.705988+02:00,85.11,49.0,0,0,0,1,1,49.0,1,1,2,XPAR
2019-10-01 09:10:19.705988+02:00,85.11,51.0,0,0,0,1,1,51.0,1,1,2,XPAR
2019-10-01 09:10:19.706178+02:00,85.11,53.0,0,0,0,1,1,53.0,1,1,2,XPAR
2019-10-01 09:10:19.707113+02:00,85.12,56.0,0,0,0,1,1,56.0,1,1,2,XPAR
2019-10-01 09:10:19.707113+02:00,85.12,27.0,0,0,0,1,1,27.0,1,1,2,XPAR
2019-10-01 09:10:19.709910+02:00,85.12,34.0,0,0,0,1,1,34.0,1,1,2,XPAR
2019-10-01 09:10:19.715708+02:00,85.13,25.0,0,0,0,1,1,25.0,1,1,2,XPAR
2019-10-01 09:10:19.715708+02:00,85.13,70.0,0,0,0,1,1,70.0,1,1,2,XPAR
2019-10-01 09:10:23.180107+02:00,85.1,150.0,0,0,1,0,-1,-150.0,1,1,2,XPAR
2019-10-01 09:10:23.180107+02:00,85.1,109.0,0,0,1,0,-1,-109.0,1,1,2,XPAR
2019-10-01 09:10:34.932938+02:00,85.11,100.0,0,0,0,1,1,100.0,1,1,2,XPAR
2019-10-01 09:10:46.916418+02:00,85.08,62.0,0,0,1,0,-1,-62.0,1,1,2,XPAR
2019-10-01 09:10:46.916418+02:00,85.08,41.0,0,0,1,0,-1,-41.0,1,1,2,XPAR
2019-10-01 09:10:46.923446+02:00,85.09,14.0,0,0,0,1,1,14.0,1,1,2,XPAR
2019-10-01 09:10:46.923446+02:00,85.09,25.0,0,0,0,1,1,25.0,1,1,2,XPAR
2019-10-01 09:10:46.923446+02:00,85.09,100.0,0,0,0,1,1,100.0,1,1,2,XPAR
2019-10-01 09:10:46.923834+02:00,85.09,150.0,0,0,1,0,-1,-150.0,1,1,2,XPAR
2019-10-01 09:10:46.925002+02:00,85.09,150.0,0,0,1,0,-1,-150.0,1,1,2,XPAR
2019-10-01 09:10:47.599133+02:00,85.11,30.0,0,0,0,1,1,30.0,1,1,2,XPAR
2019-10-01 09:10:47.599133+02:00,85.11,13.0,0,0,0,1,1,13.0,1,1,2,XPAR
2019-10-01 09:10:47.600144+02:00,85.12,120.0,0,0,0,1,1,120.0,1,1,2,XPAR
2019-10-01 09:10:47.600144+02:00,85.12,39.0,0,0,0,1,1,39.0,1,1,2,XPAR
2019-10-01 09:11:02.417673+02:00,85.1,100.0,0,0,1,0,-1,-100.0,1,1,2,XPAR
2019-10-01 09:11:02.417673+02:00,85.1,35.0,0,0,1,0,-1,-35.0,1,1,2,XPAR
2019-10-01 09:11:02.420175+02:00,85.09,72.0,0,0,1,0,-1,-72.0,1,1,2,XPAR
2019-10-01 09:11:02.425248+02:00,85.09,53.0,0,0,1,0,-1,-53.0,1,1,2,XPAR
2019-10-01 09:11:04.506374+02:00,85.1,100.0,0,0,0,1,1,100.0,1,1,2,XPAR
2019-10-01 09:11:04.506472+02:00,85.1,50.0,0,0,0,1,1,50.0,1,1,2,XPAR
2019-10-01 09:11:04.506472+02:00,85.1,30.0,0,0,0,1,1,30.0,1,1,2,XPAR
2019-10-01 09:11:04.506472+02:00,85.1,86.0,0,0,0,1,1,86.0,1,1,2,XPAR
2019-10-01 09:11:27.044935+02:00,85.12,13.0,0,0,0,1,1,13.0,1,1,2,XPAR
2019-10-01 09:11:35.351312+02:00,85.14,150.0,0,0,0,1,1,150.0,1,1,2,XPAR
2019-10-01 09:11:35.353786+02:00,85.16,60.0,0,0,0,1,1,60.0,1,1,2,XPAR
2019-10-01 09:11:35.353786+02:00,85.16,14.0,0,0,0,1,1,14.0,1,1,2,XPAR
2019-10-01 09:11:36.998895+02:00,85.16,153.0,0,0,0,1,1,153.0,1,1,2,XPAR
2019-10-01 09:11:46.133104+02:00,85.15,3.0,0,0,1,0,-1,-3.0,1,1,2,XPAR
2019-10-01 09:11:46.133211+02:00,85.14,108.0,0,0,1,0,-1,-108.0,1,1,2,XPAR
2019-10-01 09:11:46.173807+02:00,85.15,51.0,0,0,0,1,1,51.0,1,1,2,XPAR
2019-10-01 09:11:57.995373+02:00,85.11,150.0,0,0,1,0,-1,-150.0,1,1,2,XPAR
2019-10-01 09:12:00.957141+02:00,85.09,23.0,0,0,1,0,-1,-23.0,1,1,2,XPAR
2019-10-01 09:12:03.592707+02:00,85.06,17.0,0,0,1,0,-1,-17.0,1,1,2,XPAR
2019-10-01 09:12:03.592707+02:00,85.06,25.0,0,0,1,0,-1,-25.0,1,1,2,XPAR
2019-10-01 09:12:03.592707+02:00,85.06,85.0,0,0,1,0,-1,-85.0,1,1,2,XPAR
2019-10-01 09:12:03.623639+02:00,85.07,73.0,0,0,0,1,1,73.0,1,1,2,XPAR
2019-10-01 09:12:11.179693+02:00,85.08,13.0,0,0,0,1,1,13.0,1,1,2,XPAR
2019-10-01 09:12:11.179693+02:00,85.08,80.0,0,0,0,1,1,80.0,1,1,2,XPAR
2019-10-01 09:12:11.179693+02:00,85.08,2.0,0,0,0,1,1,2.0,1,1,2,XPAR
2019-10-01 09:12:11.179693+02:00,85.08,73.0,0,0,0,1,1,73.0,1,1,2,XPAR
2019-10-01 09:12:11.188528+02:00,85.1,84.0,0,0,0,1,1,84.0,1,1,2,XPAR
2019-10-01 09:12:11.188602+02:00,85.1,70.0,0,0,0,1,1,70.0,1,1,2,XPAR
2019-10-01 09:12:11.188602+02:00,85.1,66.0,0,0,0,1,1,66.0,1,1,2,XPAR
2019-10-01 09:12:11.188602+02:00,85.1,26.0,0,0,0,1,1,26.0,1,1,2,XPAR
2019-10-01 09:12:16.110621+02:00,85.09,150.0,0,0,1,0,-1,-150.0,1,1,2,XPAR
2019-10-01 09:12:16.110908+02:00,85.09,60.0,0,0,0,1,1,60.0,1,1,2,XPAR
2019-10-01 09:12:16.410741+02:00,85.1,57.0,0,0,0,1,1,57.0,1,1,2,XPAR
2019-10-01 09:12:16.410795+02:00,85.1,8.0,0,0,0,1,1,8.0,1,1,2,XPAR
2019-10-01 09:12:40.970573+02:00,85.09,35.0,0,0,1,0,-1,-35.0,1,1,2,XPAR
2019-10-01 09:12:40.971506+02:00,85.08,216.0,0,0,1,0,-1,-216.0,1,1,2,XPAR
2019-10-01 09:12:40.971506+02:00,85.08,80.0,0,0,1,0,-1,-80.0,1,1,2,XPAR
2019-10-01 09:12:40.971506+02:00,85.08,100.0,0,0,1,0,-1,-100.0,1,1,2,XPAR
2019-10-01 09:12:40.972179+02:00,85.08,50.0,0,0,0,1,1,50.0,1,1,2,XPAR
2019-10-01 09:12:40.972375+02:00,85.08,70.0,0,0,0,1,1,70.0,1,1,2,XPAR
2019-10-01 09:12:40.974165+02:00,85.08,140.0,0,0,1,0,-1,-140.0,1,1,2,XPAR
2019-10-01 09:12:40.984194+02:00,85.07,150.0,0,0,1,0,-1,-150.0,1,1,2,XPAR
2019-10-01 09:12:40.992419+02:00,85.07,163.0,0,0,1,0,-1,-163.0,1,1,2,XPAR
2019-10-01 09:12:40.997336+02:00,85.07,41.0,0,0,1,0,-1,-41.0,1,1,2,XPAR
2019-10-01 09:12:41.210256+02:00,85.06,50.0,0,0,1,0,-1,-50.0,1,1,2,XPAR
2019-10-01 09:12:46.191821+02:00,85.06,65.0,0,0,0,1,1,65.0,1,1,2,XPAR
2019-10-01 09:12:46.191821+02:00,85.06,37.0,0,0,0,1,1,37.0,1,1,2,XPAR
2019-10-01 09:12:46.191821+02:00,85.06,13.0,0,0,0,1,1,13.0,1,1,2,XPAR
2019-10-01 09:12:51.990722+02:00,85.05,150.0,0,0,1,0,-1,-150.0,1,1,2,XPAR
2019-10-01 09:13:07.923510+02:00,85.07,215.0,0,0,0,1,1,215.0,1,1,2,XPAR
2019-10-01 09:13:07.924211+02:00,85.08,73.0,0,0,0,1,1,73.0,1,1,2,XPAR
2019-10-01 09:13:13.789364+02:00,85.07,101.0,0,0,1,0,-1,-101.0,1,1,2,XPAR
2019-10-01 09:13:13.844734+02:00,85.07,99.0,0,0,1,0,-1,-99.0,1,1,2,XPAR
2019-10-01 09:13:14.016489+02:00,85.07,16.0,0,0,0,1,1,16.0,1,1,2,XPAR
2019-10-01 09:13:14.652458+02:00,85.07,18.0,0,0,1,0,-1,-18.0,1,1,2,XPAR
2019-10-01 09:13:21.194213+02:00,85.05,59.0,0,0,1,0,-1,-59.0,1,1,2,XPAR
2019-10-01 09:13:24.687845+02:00,85.04,9.0,0,0,1,0,-1,-9.0,1,1,2,XPAR
2019-10-01 09:13:24.687845+02:00,85.04,30.0,0,0,1,0,-1,-30.0,1,1,2,XPAR
2019-10-01 09:13:24.697338+02:00,85.03,124.0,0,0,1,0,-1,-124.0,1,1,2,XPAR
2019-10-01 09:13:24.697338+02:00,85.03,26.0,0,0,1,0,-1,-26.0,1,1,2,XPAR
2019-10-01 09:13:32.093730+02:00,85.05,13.0,0,0,0,1,1,13.0,1,1,2,XPAR
2019-10-01 09:13:56.029035+02:00,85.08,28.0,0,0,0,1,1,28.0,1,1,2,XPAR
2019-10-01 09:13:56.029444+02:00,85.08,150.0,0,0,1,0,-1,-150.0,1,1,2,XPAR
2019-10-01 09:13:56.029733+02:00,85.09,13.0,0,0,0,1,1,13.0,1,1,2,XPAR
2019-10-01 09:14:04.159014+02:00,85.1,220.0,0,0,1,0,-1,-220.0,1,1,2,XPAR
2019-10-01 09:14:04.159014+02:00,85.1,49.0,0,0,1,0,-1,-49.0,1,1,2,XPAR
2019-10-01 09:14:04.867806+02:00,85.08,33.0,0,0,1,0,-1,-33.0,1,1,2,XPAR
2019-10-01 09:14:04.867806+02:00,85.08,150.0,0,0,1,0,-1,-150.0,1,1,2,XPAR
2019-10-01 09:14:06.200195+02:00,85.07,16.0,0,0,1,0,-1,-16.0,1,1,2,XPAR
2019-10-01 09:14:12.074433+02:00,85.08,36.0,0,0,0,1,1,36.0,1,1,2,XPAR
2019-10-01 09:14:12.078761+02:00,85.09,74.0,0,0,0,1,1,74.0,1,1,2,XPAR
2019-10-01 09:14:12.083201+02:00,85.1,94.0,0,0,0,1,1,94.0,1,1,2,XPAR
2019-10-01 09:14:23.984330+02:00,85.08,71.0,0,0,1,0,-1,-71.0,1,1,2,XPAR
2019-10-01 09:14:23.984330+02:00,85.08,53.0,0,0,1,0,-1,-53.0,1,1,2,XPAR
2019-10-01 09:14:23.984330+02:00,85.08,225.0,0,0,1,0,-1,-225.0,1,1,2,XPAR
2019-10-01 09:14:23.985452+02:00,85.07,70.0,0,0,1,0,-1,-70.0,1,1,2,XPAR
2019-10-01 09:14:29.466365+02:00,85.06,77.0,0,0,1,0,-1,-77.0,1,1,2,XPAR
2019-10-01 09:14:44.680455+02:00,85.02,9.0,0,0,1,0,-1,-9.0,1,1,2,XPAR
2019-10-01 09:14:44.710451+02:00,85.01,13.0,0,0,1,0,-1,-13.0,1,1,2,XPAR
2019-10-01 09:14:44.710451+02:00,85.01,10.0,0,0,1,0,-1,-10.0,1,1,2,XPAR
2019-10-01 09:14:44.711628+02:00,85.0,11.0,0,0,1,0,-1,-11.0,20,1,2,XPAR
2019-10-01 09:14:44.711628+02:00,84.99,5.0,0,0,1,0,-1,-5.0,1,1,2,XPAR
2019-10-01 09:14:44.711628+02:00,85.0,200.0,0,0,1,0,-1,-200.0,20,1,2,XPAR
2019-10-01 09:14:44.711628+02:00,85.0,150.0,0,0,1,0,-1,-150.0,1,1,2,XPAR
2019-10-01 09:14:44.711628+02:00,85.0,15.0,0,0,1,0,-1,-15.0,1,1,2,XPAR
2019-10-01 09:14:44.712594+02:00,85.0,26.0,0,0,0,1,1,26.0,1,1,2,XPAR
2019-10-01 09:14:44.801445+02:00,85.0,55.0,0,0,0,1,1,55.0,1,1,2,XPAR
2019-10-01 09:14:46.971736+02:00,84.99,84.0,0,0,1,0,-1,-84.0,1,1,2,XPAR
2019-10-01 09:14:46.971736+02:00,84.99,33.0,0,0,1,0,-1,-33.0,1,1,2,XPAR
2019-10-01 09:14:46.972273+02:00,84.98,12.0,0,0,1,0,-1,-12.0,1,1,2,XPAR
2019-10-01 09:14:46.972273+02:00,84.98,100.0,0,0,1,0,-1,-100.0,1,1,2,XPAR
2019-10-01 09:14:51.162138+02:00,84.97,20.0,0,0,1,0,-1,-20.0,1,1,2,XPAR
2019-10-01 09:14:51.162138+02:00,84.97,13.0,0,0,1,0,-1,-13.0,1,1,2,XPAR
2019-10-01 09:14:53.598346+02:00,84.99,36.0,0,0,0,1,1,36.0,1,1,2,XPAR
2019-10-01 09:14:53.598514+02:00,84.99,9.0,0,0,0,1,1,9.0,1,1,2,XPAR
2019-10-01 09:14:53.682522+02:00,85.0,46.0,0,0,0,1,1,46.0,1,1,2,XPAR
2019-10-01 09:14:59.099273+02:00,84.99,54.0,0,0,1,0,-1,-54.0,1,1,2,XPAR
2019-10-01 09:14:59.100302+02:00,84.99,56.0,0,0,1,0,-1,-56.0,1,1,2,XPAR
2019-10-01 09:14:59.100302+02:00,84.99,150.0,0,0,1,0,-1,-150.0,1,1,2,XPAR
2019-10-01 09:14:59.100302+02:00,84.99,30.0,0,0,1,0,-1,-30.0,1,1,2,XPAR
2019-10-01 09:15:03.946256+02:00,84.98,35.0,0,0,1,0,-1,-35.0,1,1,2,XPAR
2019-10-01 09:15:10.784699+02:00,85.01,39.0,0,0,0,1,1,39.0,1,1,2,XPAR
2019-10-01 09:15:10.784699+02:00,85.01,163.0,0,0,0,1,1,163.0,1,1,2,XPAR
2019-10-01 09:15:10.784699+02:00,85.01,39.0,0,0,0,1,1,39.0,1,1,2,XPAR
2019-10-01 09:15:10.784852+02:00,85.01,20.0,0,0,0,1,1,20.0,1,1,2,XPAR
2019-10-01 09:15:15.493257+02:00,85.02,59.0,0,0,0,1,1,59.0,1,1,2,XPAR
2019-10-01 09:15:15.493257+02:00,85.02,41.0,0,0,0,1,1,41.0,1,1,2,XPAR
2019-10-01 09:15:22.096601+02:00,85.0,28.0,0,0,1,0,-1,-28.0,1,1,2,XPAR
2019-10-01 09:15:27.982284+02:00,84.99,73.0,0,0,0,1,1,73.0,1,1,2,XPAR
2019-10-01 09:15:33.812617+02:00,85.01,59.0,0,0,0,1,1,59.0,1,1,2,XPAR
2019-10-01 09:15:33.812617+02:00,85.01,13.0,0,0,0,1,1,13.0,1,1,2,XPAR
2019-10-01 09:15:33.812617+02:00,85.01,163.0,0,0,0,1,1,163.0,1,1,2,XPAR
2019-10-01 09:15:33.824223+02:00,85.01,16.0,0,0,0,1,1,16.0,1,1,2,XPAR
2019-10-01 09:15:33.824268+02:00,85.01,41.0,0,0,0,1,1,41.0,1,1,2,XPAR
2019-10-01 09:15:33.825096+02:00,85.01,150.0,0,0,1,0,-1,-150.0,1,1,2,XPAR
2019-10-01 09:15:33.825096+02:00,85.01,100.0,0,0,1,0,-1,-100.0,1,1,2,XPAR
2019-10-01 09:15:33.825136+02:00,85.02,24.0,0,0,0,1,1,24.0,1,1,2,XPAR
2019-10-01 09:15:33.825136+02:00,85.02,59.0,0,0,0,1,1,59.0,1,1,2,XPAR
2019-10-01 09:15:34.108030+02:00,85.02,125.0,0,0,0,1,1,125.0,1,1,2,XPAR
2019-10-01 09:15:34.108030+02:00,85.02,3.0,0,0,0,1,1,3.0,1,1,2,XPAR
2019-10-01 09:15:34.988158+02:00,85.03,150.0,0,0,0,1,1,150.0,1,1,2,XPAR
2019-10-01 09:15:34.988158+02:00,85.1,110.0,0,0,0,1,1,110.0,1,1,2,XPAR
2019-10-01 09:15:34.988158+02:00,85.1,170.0,0,0,0,1,1,170.0,1,1,2,XPAR
2019-10-01 09:15:34.988158+02:00,85.09,69.0,0,0,0,1,1,69.0,1,1,2,XPAR
2019-10-01 09:15:34.988158+02:00,85.09,73.0,0,0,0,1,1,73.0,1,1,2,XPAR
2019-10-01 09:15:34.988158+02:00,85.09,170.0,0,0,0,1,1,170.0,1,1,2,XPAR
2019-10-01 09:15:34.988158+02:00,85.09,80.0,0,0,0,1,1,80.0,1,1,2,XPAR
2019-10-01 09:15:34.988158+02:00,85.08,69.0,0,0,0,1,1,69.0,1,1,2,XPAR
2019-10-01 09:15:34.988158+02:00,85.08,69.0,0,0,0,1,1,69.0,1,1,2,XPAR
2019-10-01 09:15:34.988158+02:00,85.08,170.0,0,0,0,1,1,170.0,1,1,2,XPAR
2019-10-01 09:15:34.988158+02:00,85.07,69.0,0,0,0,1,1,69.0,1,1,2,XPAR
2019-10-01 09:15:34.988158+02:00,85.1,69.0,0,0,0,1,1,69.0,1,1,2,XPAR
2019-10-01 09:15:34.988158+02:00,85.07,170.0,0,0,0,1,1,170.0,1,1,2,XPAR
2019-10-01 09:15:34.988158+02:00,85.07,42.0,0,0,0,1,1,42.0,1,1,2,XPAR
2019-10-01 09:15:34.988158+02:00,85.06,69.0,0,0,0,1,1,69.0,1,1,2,XPAR
2019-10-01 09:15:34.988158+02:00,85.06,100.0,0,0,0,1,1,100.0,1,1,2,XPAR
2019-10-01 09:15:34.988158+02:00,85.06,170.0,0,0,0,1,1,170.0,1,1,2,XPAR
2019-10-01 09:15:34.988158+02:00,85.06,140.0,0,0,0,1,1,140.0,1,1,2,XPAR
2019-10-01 09:15:34.988158+02:00,85.05,170.0,0,0,0,1,1,170.0,1,1,2,XPAR
2019-10-01 09:15:34.988158+02:00,85.04,18.0,0,0,0,1,1,18.0,1,1,2,XPAR
2019-10-01 09:15:34.988158+02:00,85.04,170.0,0,0,0,1,1,170.0,1,1,2,XPAR
2019-10-01 09:15:34.988158+02:00,85.03,150.0,0,0,0,1,1,150.0,1,1,2,XPAR
2019-10-01 09:15:34.988158+02:00,85.07,73.0,0,0,0,1,1,73.0,1,1,2,XPAR
2019-10-01 09:15:34.989450+02:00,85.06,45.0,0,0,0,1,1,45.0,1,1,2,XPAR
2019-10-01 09:15:34.989450+02:00,85.1,45.0,0,0,0,1,1,45.0,1,1,2,XPAR
2019-10-01 09:15:34.989754+02:00,85.06,45.0,0,0,0,1,1,45.0,1,1,2,XPAR
2019-10-01 09:15:34.989806+02:00,85.06,45.0,0,0,0,1,1,45.0,1,1,2,XPAR
2019-10-01 09:15:34.989867+02:00,85.11,52.0,0,0,0,1,1,52.0,1,1,2,XPAR
2019-10-01 09:15:34.989867+02:00,85.11,36.0,0,0,0,1,1,36.0,1,1,2,XPAR
2019-10-01 09:15:34.990877+02:00,85.11,150.0,0,0,0,1,1,150.0,1,1,2,XPAR
2019-10-01 09:15:34.990877+02:00,85.12,45.0,0,0,0,1,1,45.0,1,1,2,XPAR
2019-10-01 09:15:34.990877+02:00,85.12,31.0,0,0,0,1,1,31.0,1,1,2,XPAR
2019-10-01 09:15:34.991540+02:00,85.12,150.0,0,0,0,1,1,150.0,1,1,2,XPAR
2019-10-01 09:15:34.991645+02:00,85.12,100.0,0,0,1,0,-1,-100.0,1,1,2,XPAR
2019-10-01 09:15:34.991733+02:00,85.12,460.0,0,0,1,0,-1,-460.0,1,1,2,XPAR
2019-10-01 09:15:34.991769+02:00,85.12,194.0,0,0,1,0,-1,-194.0,1,1,2,XPAR
2019-10-01 09:15:34.991811+02:00,85.12,213.0,0,0,1,0,-1,-213.0,1,1,2,XPAR
2019-10-01 09:15:34.991811+02:00,85.12,654.0,0,0,1,0,-1,-654.0,1,1,2,XPAR
2019-10-01 09:15:34.991875+02:00,85.13,120.0,0,0,0,1,1,120.0,1,1,2,XPAR
2019-10-01 09:15:34.991875+02:00,85.13,37.0,0,0,0,1,1,37.0,1,1,2,XPAR
2019-10-01 09:15:34.991943+02:00,85.12,285.0,0,0,1,0,-1,-285.0,1,1,2,XPAR
2019-10-01 09:15:34.991985+02:00,85.12,155.0,0,0,1,0,-1,-155.0,1,1,2,XPAR
2019-10-01 09:15:34.992021+02:00,85.12,290.0,0,0,1,0,-1,-290.0,1,1,2,XPAR
2019-10-01 09:15:34.992021+02:00,85.12,677.0,0,0,1,0,-1,-677.0,1,1,2,XPAR
2019-10-01 09:15:34.992046+02:00,85.12,867.0,0,0,1,0,-1,-867.0,1,1,2,XPAR
2019-10-01 09:15:34.992137+02:00,85.12,250.0,0,0,1,0,-1,-250.0,1,1,2,XPAR
2019-10-01 09:15:34.992137+02:00,85.12,617.0,0,0,1,0,-1,-617.0,1,1,2,XPAR
2019-10-01 09:15:34.992301+02:00,85.12,150.0,0,0,1,0,-1,-150.0,1,1,2,XPAR
2019-10-01 09:15:34.993119+02:00,85.16,90.0,0,0,0,1,1,90.0,1,1,2,XPAR
2019-10-01 09:15:34.993119+02:00,85.15,110.0,0,0,0,1,1,110.0,1,1,2,XPAR
2019-10-01 09:15:34.993119+02:00,85.15,100.0,0,0,0,1,1,100.0,1,1,2,XPAR
2019-10-01 09:15:34.993119+02:00,85.16,100.0,0,0,0,1,1,100.0,1,1,2,XPAR
2019-10-01 09:15:34.993119+02:00,85.13,100.0,0,0,0,1,1,100.0,1,1,2,XPAR
2019-10-01 09:15:34.993119+02:00,85.13,150.0,0,0,0,1,1,150.0,1,1,2,XPAR
2019-10-01 09:15:34.993119+02:00,85.14,150.0,0,0,0,1,1,150.0,1,1,2,XPAR
2019-10-01 09:15:34.996196+02:00,85.12,132.0,0,0,1,0,-1,-132.0,1,1,2,XPAR
2019-10-01 09:15:34.996974+02:00,85.12,150.0,0,0,1,0,-1,-150.0,1,1,2,XPAR
2019-10-01 09:15:34.996974+02:00,85.12,20.0,0,0,1,0,-1,-20.0,1,1,2,XPAR
2019-10-01 09:15:34.997032+02:00,85.12,480.0,0,0,1,0,-1,-480.0,1,1,2,XPAR
2019-10-01 09:15:34.997032+02:00,85.12,300.0,0,0,1,0,-1,-300.0,1,1,2,XPAR
2019-10-01 09:15:34.997032+02:00,85.12,300.0,0,0,1,0,-1,-300.0,1,1,2,XPAR
2019-10-01 09:15:35.015444+02:00,85.15,100.0,0,0,0,1,1,100.0,1,1,2,XPAR
2019-10-01 09:15:35.145808+02:00,85.13,150.0,0,0,1,0,-1,-150.0,1,1,2,XPAR
2019-10-01 09:15:35.246088+02:00,85.12,538.0,0,0,1,0,-1,-538.0,1,1,2,XPAR
2019-10-01 09:15:35.246510+02:00,85.12,177.0,0,0,1,0,-1,-177.0,1,1,2,XPAR
2019-10-01 09:15:35.526987+02:00,85.15,73.0,0,0,0,1,1,73.0,1,1,2,XPAR
2019-10-01 09:15:35.526987+02:00,85.15,50.0,0,0,0,1,1,50.0,1,1,2,XPAR
2019-10-01 09:15:35.526987+02:00,85.15,150.0,0,0,0,1,1,150.0,1,1,2,XPAR
2019-10-01 09:15:35.526987+02:00,85.15,65.0,0,0,0,1,1,65.0,1,1,2,XPAR
2019-10-01 09:15:35.526987+02:00,85.15,72.0,0,0,0,1,1,72.0,1,1,2,XPAR
2019-10-01 09:15:35.527207+02:00,85.14,150.0,0,0,0,1,1,150.0,1,1,2,XPAR
2019-10-01 09:15:35.762263+02:00,85.16,150.0,0,0,0,1,1,150.0,1,1,2,XPAR
2019-10-01 09:15:35.985375+02:00,85.16,12.0,0,0,0,1,1,12.0,1,1,2,XPAR
2019-10-01 09:15:36.070743+02:00,85.17,67.0,0,0,0,1,1,67.0,1,1,2,XPAR
2019-10-01 09:15:36.213733+02:00,85.18,29.0,0,0,0,1,1,29.0,1,1,2,XPAR
2019-10-01 09:15:36.361311+02:00,85.17,150.0,0,0,1,0,-1,-150.0,1,1,2,XPAR
2019-10-01 09:15:36.399435+02:00,85.15,417.0,0,0,1,0,-1,-417.0,1,1,2,XPAR
2019-10-01 09:15:37.201603+02:00,85.14,69.0,0,0,1,0,-1,-69.0,1,1,2,XPAR
2019-10-01 09:15:37.201603+02:00,85.14,82.0,0,0,1,0,-1,-82.0,1,1,2,XPAR
2019-10-01 09:15:37.201603+02:00,85.14,150.0,0,0,1,0,-1,-150.0,1,1,2,XPAR
2019-10-01 09:15:37.239317+02:00,85.14,112.0,0,0,1,0,-1,-112.0,1,1,2,XPAR
2019-10-01 09:15:37.240465+02:00,85.13,150.0,0,0,1,0,-1,-150.0,1,1,2,XPAR
2019-10-01 09:15:37.247372+02:00,85.14,112.0,0,0,0,1,1,112.0,1,1,2,XPAR
2019-10-01 09:15:40.081322+02:00,85.13,150.0,0,0,1,0,-1,-150.0,1,1,2,XPAR
2019-10-01 09:15:40.081322+02:00,85.13,184.0,0,0,1,0,-1,-184.0,1,1,2,XPAR
2019-10-01 09:15:40.082652+02:00,85.12,185.0,0,0,1,0,-1,-185.0,1,1,2,XPAR
2019-10-01 09:15:40.082652+02:00,85.12,449.0,0,0,1,0,-1,-449.0,1,1,2,XPAR
2019-10-01 09:15:40.082652+02:00,85.12,255.0,0,0,1,0,-1,-255.0,1,1,2,XPAR
2019-10-01 09:15:44.163879+02:00,85.12,150.0,0,0,1,0,-1,-150.0,1,1,2,XPAR
2019-10-01 09:16:03.489308+02:00,85.14,20.0,0,0,0,1,1,20.0,1,1,2,XPAR
2019-10-01 09:16:03.489308+02:00,85.14,120.0,0,0,0,1,1,120.0,1,1,2,XPAR
2019-10-01 09:16:03.490566+02:00,85.15,122.0,0,0,0,1,1,122.0,1,1,2,XPAR
2019-10-01 09:16:03.552438+02:00,85.15,150.0,0,0,0,1,1,150.0,1,1,2,XPAR
2019-10-01 09:16:03.552438+02:00,85.15,150.0,0,0,0,1,1,150.0,1,1,2,XPAR
2019-10-01 09:16:03.552438+02:00,85.15,45.0,0,0,0,1,1,45.0,1,1,2,XPAR
2019-10-01 09:16:04.425266+02:00,85.15,113.0,0,0,0,1,1,113.0,1,1,2,XPAR
2019-10-01 09:16:04.425266+02:00,85.15,8.0,0,0,0,1,1,8.0,1,1,2,XPAR
2019-10-01 09:16:04.425339+02:00,85.15,107.0,0,0,0,1,1,107.0,1,1,2,XPAR
2019-10-01 09:16:04.425680+02:00,85.15,113.0,0,0,1,0,-1,-113.0,1,1,2,XPAR
2019-10-01 09:16:04.425680+02:00,85.15,2.0,0,0,1,0,-1,-2.0,1,1,2,XPAR
2019-10-01 09:16:04.425680+02:00,85.15,130.0,0,0,1,0,-1,-130.0,1,1,2,XPAR
2019-10-01 09:16:04.430661+02:00,85.15,59.0,0,0,0,1,1,59.0,1,1,2,XPAR
2019-10-01 09:16:04.433386+02:00,85.15,3.0,0,0,1,0,-1,-3.0,1,1,2,XPAR
2019-10-01 09:16:04.433534+02:00,85.15,16.0,0,0,0,1,1,16.0,1,1,2,XPAR
2019-10-01 09:16:04.436644+02:00,85.15,8.0,0,0,0,1,1,8.0,1,1,2,XPAR
2019-10-01 09:16:04.813984+02:00,85.15,150.0,0,0,1,0,-1,-150.0,1,1,2,XPAR
2019-10-01 09:16:04.813984+02:00,85.15,120.0,0,0,1,0,-1,-120.0,1,1,2,XPAR
2019-10-01 09:16:05.109719+02:00,85.15,150.0,0,0,1,0,-1,-150.0,1,1,2,XPAR
2019-10-01 09:16:06.808256+02:00,85.13,69.0,0,0,1,0,-1,-69.0,1,1,2,XPAR
2019-10-01 09:16:06.808256+02:00,85.13,34.0,0,0,1,0,-1,-34.0,1,1,2,XPAR
2019-10-01 09:16:06.808256+02:00,85.13,174.0,0,0,1,0,-1,-174.0,1,1,2,XPAR
2019-10-01 09:16:06.808256+02:00,85.14,123.0,0,0,1,0,-1,-123.0,1,1,2,XPAR
2019-10-01 09:16:06.808497+02:00,85.13,144.0,0,0,1,0,-1,-144.0,1,1,2,XPAR
2019-10-01 09:16:06.851228+02:00,85.14,116.0,0,0,1,0,-1,-116.0,1,1,2,XPAR
2019-10-01 09:16:06.942445+02:00,85.14,25.0,0,0,0,1,1,25.0,1,1,2,XPAR
2019-10-01 09:16:06.942618+02:00,85.14,91.0,0,0,1,0,-1,-91.0,1,1,2,XPAR
2019-10-01 09:16:07.111215+02:00,85.14,36.0,0,0,0,1,1,36.0,1,1,2,XPAR
2019-10-01 09:16:07.111385+02:00,85.14,10.0,0,0,1,0,-1,-10.0,1,1,2,XPAR
2019-10-01 09:16:10.771582+02:00,85.13,150.0,0,0,1,0,-1,-150.0,1,1,2,XPAR
2019-10-01 09:16:11.268469+02:00,85.13,150.0,0,0,1,0,-1,-150.0,1,1,2,XPAR
2019-10-01 09:16:11.433657+02:00,85.13,150.0,0,0,1,0,-1,-150.0,1,1,2,XPAR
2019-10-01 09:16:12.565213+02:00,85.13,150.0,0,0,1,0,-1,-150.0,1,1,2,XPAR
2019-10-01 09:16:12.565213+02:00,85.13,100.0,0,0,1,0,-1,-100.0,1,1,2,XPAR
2019-10-01 09:16:12.565213+02:00,85.13,28.0,0,0,1,0,-1,-28.0,1,1,2,XPAR
2019-10-01 09:16:14.725721+02:00,85.12,52.0,0,0,1,0,-1,-52.0,1,1,2,XPAR
2019-10-01 09:16:22.777960+02:00,85.11,16.0,0,0,1,0,-1,-16.0,1,1,2,XPAR
2019-10-01 09:16:29.484920+02:00,85.1,3.0,0,0,1,0,-1,-3.0,1,1,2,XPAR
2019-10-01 09:16:32.801737+02:00,85.08,597.0,0,0,0,1,1,597.0,1,1,2,XPAR
2019-10-01 09:16:32.954408+02:00,85.07,35.0,0,0,1,0,-1,-35.0,1,1,2,XPAR
2019-10-01 09:16:43.174608+02:00,85.08,150.0,0,0,0,1,1,150.0,1,1,2,XPAR
2019-10-01 09:16:43.174608+02:00,85.08,111.0,0,0,0,1,1,111.0,1,1,2,XPAR
2019-10-01 09:16:56.983228+02:00,85.06,205.0,0,0,1,0,-1,-205.0,1,1,2,XPAR
2019-10-01 09:16:56.983228+02:00,85.06,62.0,0,0,1,0,-1,-62.0,1,1,2,XPAR
2019-10-01 09:16:56.983228+02:00,85.06,20.0,0,0,1,0,-1,-20.0,1,1,2,XPAR
2019-10-01 09:16:56.987708+02:00,85.05,100.0,0,0,1,0,-1,-100.0,1,1,2,XPAR
2019-10-01 09:16:57.039578+02:00,85.04,32.0,0,0,1,0,-1,-32.0,1,1,2,XPAR
2019-10-01 09:17:01.058455+02:00,85.03,31.0,0,0,1,0,-1,-31.0,1,1,2,XPAR
2019-10-01 09:17:01.058455+02:00,85.03,10.0,0,0,1,0,-1,-10.0,1,1,2,XPAR
2019-10-01 09:17:07.691293+02:00,85.03,100.0,0,0,0,1,1,100.0,1,1,2,XPAR
2019-10-01 09:17:07.893198+02:00,85.01,16.0,0,0,1,0,-1,-16.0,1,1,2,XPAR
2019-10-01 09:17:07.893198+02:00,85.01,57.0,0,0,1,0,-1,-57.0,1,1,2,XPAR
2019-10-01 09:17:07.936964+02:00,85.0,108.0,0,0,1,0,-1,-108.0,1,1,2,XPAR
2019-10-01 09:17:07.937046+02:00,85.0,42.0,0,0,1,0,-1,-42.0,1,1,2,XPAR
2019-10-01 09:17:07.937046+02:00,85.0,150.0,0,0,1,0,-1,-150.0,1,1,2,XPAR
2019-10-01 09:17:08.071783+02:00,84.99,150.0,0,0,1,0,-1,-150.0,1,1,2,XPAR
2019-10-01 09:17:08.071783+02:00,84.99,18.0,0,0,1,0,-1,-18.0,1,1,2,XPAR
2019-10-01 09:17:14.352112+02:00,84.99,100.0,0,0,1,0,-1,-100.0,1,1,2,XPAR
2019-10-01 09:17:16.050312+02:00,84.98,43.0,0,0,1,0,-1,-43.0,1,1,2,XPAR
2019-10-01 09:17:16.050627+02:00,84.98,150.0,0,0,0,1,1,150.0,1,1,2,XPAR
2019-10-01 09:17:16.325069+02:00,84.98,65.0,0,0,0,1,1,65.0,1,1,2,XPAR
2019-10-01 09:17:18.794577+02:00,84.99,65.0,0,0,0,1,1,65.0,1,1,2,XPAR
2019-10-01 09:17:18.794577+02:00,84.99,150.0,0,0,0,1,1,150.0,1,1,2,XPAR
2019-10-01 09:17:57.039889+02:00,85.01,99.0,0,0,0,1,1,99.0,1,1,2,XPAR
2019-10-01 09:17:57.039889+02:00,85.01,71.0,0,0,0,1,1,71.0,1,1,2,XPAR
2019-10-01 09:17:57.039974+02:00,85.02,37.0,0,0,0,1,1,37.0,1,1,2,XPAR
2019-10-01 09:17:57.039974+02:00,85.02,34.0,0,0,0,1,1,34.0,1,1,2,XPAR
2019-10-01 09:17:57.039974+02:00,85.01,38.0,0,0,0,1,1,38.0,1,1,2,XPAR
2019-10-01 09:17:57.039974+02:00,85.02,150.0,0,0,0,1,1,150.0,1,1,2,XPAR
2019-10-01 09:17:57.040200+02:00,85.02,35.0,0,0,0,1,1,35.0,1,1,2,XPAR
2019-10-01 09:17:57.040200+02:00,85.02,3.0,0,0,0,1,1,3.0,1,1,2,XPAR
2019-10-01 09:17:57.040928+02:00,85.03,127.0,0,0,0,1,1,127.0,1,1,2,XPAR
2019-10-01 09:17:57.041070+02:00,85.03,93.0,0,0,0,1,1,93.0,1,1,2,XPAR
2019-10-01 09:17:57.041366+02:00,85.03,180.0,0,0,0,1,1,180.0,1,1,2,XPAR
2019-10-01 09:17:57.041366+02:00,85.03,59.0,0,0,0,1,1,59.0,1,1,2,XPAR
2019-10-01 09:17:57.045617+02:00,85.01,16.0,0,0,0,1,1,16.0,1,1,2,XPAR
2019-10-01 09:17:57.048296+02:00,85.02,4.0,0,0,1,0,-1,-4.0,1,1,2,XPAR
2019-10-01 09:17:57.048384+02:00,85.02,146.0,0,0,1,0,-1,-146.0,1,1,2,XPAR
2019-10-01 09:18:00.229911+02:00,85.04,59.0,0,0,0,1,1,59.0,1,1,2,XPAR
2019-10-01 09:18:00.229911+02:00,85.04,150.0,0,0,0,1,1,150.0,1,1,2,XPAR
2019-10-01 09:18:00.230190+02:00,85.04,15.0,0,0,1,0,-1,-15.0,1,1,2,XPAR
2019-10-01 09:18:00.230335+02:00,85.04,21.0,0,0,1,0,-1,-21.0,1,1,2,XPAR
2019-10-01 09:18:04.764643+02:00,85.04,14.0,0,0,0,1,1,14.0,1,1,2,XPAR
2019-10-01 09:18:04.765084+02:00,85.04,37.0,0,0,1,0,-1,-37.0,1,1,2,XPAR
2019-10-01 09:18:16.725435+02:00,85.01,76.0,0,0,1,0,-1,-76.0,1,1,2,XPAR
2019-10-01 09:18:16.725435+02:00,85.01,200.0,0,0,1,0,-1,-200.0,1,1,2,XPAR
2019-10-01 09:18:16.726536+02:00,85.0,216.0,0,0,1,0,-1,-216.0,1,1,2,XPAR
2019-10-01 09:18:16.726536+02:00,85.0,14.0,0,0,1,0,-1,-14.0,1,1,2,XPAR
2019-10-01 09:18:16.726779+02:00,85.0,100.0,0,0,0,1,1,100.0,1,1,2,XPAR
2019-10-01 09:18:16.727285+02:00,85.0,100.0,0,0,1,0,-1,-100.0,1,1,2,XPAR
2019-10-01 09:18:16.727285+02:00,85.0,130.0,0,0,1,0,-1,-130.0,1,1,2,XPAR
2019-10-01 09:18:16.882543+02:00,85.01,28.0,0,0,0,1,1,28.0,1,1,2,XPAR
2019-10-01 09:18:22.537511+02:00,84.99,221.0,0,0,1,0,-1,-221.0,1,1,2,XPAR
2019-10-01 09:18:22.779178+02:00,84.99,50.0,0,0,0,1,1,50.0,1,1,2,XPAR
2019-10-01 09:18:27.747893+02:00,84.97,222.0,0,0,1,0,-1,-222.0,1,1,2,XPAR
2019-10-01 09:18:27.747893+02:00,84.97,197.0,0,0,1,0,-1,-197.0,1,1,2,XPAR
2019-10-01 09:18:27.749314+02:00,84.96,19.0,0,0,1,0,-1,-19.0,1,1,2,XPAR
2019-10-01 09:18:27.749314+02:00,84.96,20.0,0,0,1,0,-1,-20.0,1,1,2,XPAR
2019-10-01 09:18:27.749314+02:00,84.96,50.0,0,0,1,0,-1,-50.0,1,1,2,XPAR
2019-10-01 09:18:27.909463+02:00,84.95,150.0,0,0,1,0,-1,-150.0,1,1,2,XPAR
2019-10-01 09:18:28.115488+02:00,84.95,37.0,0,0,0,1,1,37.0,1,1,2,XPAR
2019-10-01 09:18:39.785588+02:00,84.95,100.0,0,0,0,1,1,100.0,1,1,2,XPAR
2019-10-01 09:18:40.222681+02:00,84.96,103.0,0,0,0,1,1,103.0,1,1,2,XPAR
2019-10-01 09:18:49.977224+02:00,84.94,6.0,0,0,1,0,-1,-6.0,1,1,2,XPAR
2019-10-01 09:18:49.978557+02:00,84.93,15.0,0,0,1,0,-1,-15.0,1,1,2,XPAR
2019-10-01 09:18:49.978557+02:00,84.93,23.0,0,0,1,0,-1,-23.0,1,1,2,XPAR
2019-10-01 09:18:50.010400+02:00,84.94,40.0,0,0,0,1,1,40.0,1,1,2,XPAR
2019-10-01 09:19:10.757960+02:00,84.92,47.0,0,0,1,0,-1,-47.0,1,1,2,XPAR
2019-10-01 09:19:10.757960+02:00,84.92,28.0,0,0,1,0,-1,-28.0,1,1,2,XPAR
2019-10-01 09:19:10.758771+02:00,84.91,41.0,0,0,1,0,-1,-41.0,1,1,2,XPAR
2019-10-01 09:19:10.859193+02:00,84.9,5.0,0,0,1,0,-1,-5.0,1,1,2,XPAR
2019-10-01 09:19:10.859193+02:00,84.9,13.0,0,0,1,0,-1,-13.0,1,1,2,XPAR
2019-10-01 09:19:10.859262+02:00,84.9,145.0,0,0,1,0,-1,-145.0,1,1,2,XPAR
2019-10-01 09:19:11.193203+02:00,84.91,43.0,0,0,0,1,1,43.0,1,1,2,XPAR
2019-10-01 09:19:11.193203+02:00,84.91,43.0,0,0,0,1,1,43.0,1,1,2,XPAR
2019-10-01 09:19:16.563851+02:00,84.9,100.0,0,0,1,0,-1,-100.0,1,1,2,XPAR
2019-10-01 09:19:16.563851+02:00,84.9,150.0,0,0,1,0,-1,-150.0,1,1,2,XPAR
2019-10-01 09:19:16.563851+02:00,84.9,150.0,0,0,1,0,-1,-150.0,1,1,2,XPAR
2019-10-01 09:19:16.563851+02:00,84.9,45.0,0,0,1,0,-1,-45.0,1,1,2,XPAR
2019-10-01 09:19:16.563851+02:00,84.9,71.0,0,0,1,0,-1,-71.0,1,1,2,XPAR
2019-10-01 09:19:16.565719+02:00,84.89,8.0,0,0,1,0,-1,-8.0,1,1,2,XPAR
2019-10-01 09:19:16.565719+02:00,84.89,18.0,0,0,1,0,-1,-18.0,1,1,2,XPAR
2019-10-01 09:19:16.566539+02:00,84.89,150.0,0,0,0,1,1,150.0,1,1,2,XPAR
2019-10-01 09:19:17.953182+02:00,84.9,43.0,0,0,0,1,1,43.0,1,1,2,XPAR
2019-10-01 09:19:17.953182+02:00,84.9,150.0,0,0,0,1,1,150.0,1,1,2,XPAR
2019-10-01 09:19:17.953678+02:00,84.91,26.0,0,0,0,1,1,26.0,1,1,2,XPAR
2019-10-01 09:19:19.821414+02:00,84.9,53.0,0,0,1,0,-1,-53.0,1,1,2,XPAR
2019-10-01 09:19:19.821414+02:00,84.9,34.0,0,0,1,0,-1,-34.0,1,1,2,XPAR
2019-10-01 09:19:19.822442+02:00,84.9,100.0,0,0,1,0,-1,-100.0,1,1,2,XPAR
2019-10-01 09:19:19.822442+02:00,84.9,11.0,0,0,1,0,-1,-11.0,1,1,2,XPAR
2019-10-01 09:19:22.654151+02:00,84.92,46.0,0,0,0,1,1,46.0,1,1,2,XPAR
2019-10-01 09:19:22.654151+02:00,84.92,108.0,0,0,0,1,1,108.0,1,1,2,XPAR
2019-10-01 09:19:22.654151+02:00,84.92,21.0,0,0,0,1,1,21.0,1,1,2,XPAR
2019-10-01 09:19:22.654151+02:00,84.92,120.0,0,0,0,1,1,120.0,1,1,2,XPAR
2019-10-01 09:19:22.654151+02:00,84.92,59.0,0,0,0,1,1,59.0,1,1,2,XPAR
2019-10-01 09:19:22.654151+02:00,84.92,45.0,0,0,0,1,1,45.0,1,1,2,XPAR
2019-10-01 09:19:22.654151+02:00,84.91,1.0,0,0,0,1,1,1.0,1,1,2,XPAR
2019-10-01 09:19:22.654359+02:00,84.92,104.0,0,0,0,1,1,104.0,1,1,2,XPAR
2019-10-01 09:19:22.874592+02:00,84.92,150.0,0,0,1,0,-1,-150.0,1,1,2,XPAR
2019-10-01 09:19:22.913210+02:00,84.92,33.0,0,0,1,0,-1,-33.0,1,1,2,XPAR
2019-10-01 09:19:35.506905+02:00,84.91,150.0,0,0,1,0,-1,-150.0,1,1,2,XPAR
2019-10-01 09:19:35.506905+02:00,84.91,114.0,0,0,1,0,-1,-114.0,1,1,2,XPAR
2019-10-01 09:19:35.506905+02:00,84.91,150.0,0,0,1,0,-1,-150.0,1,1,2,XPAR
2019-10-01 09:19:35.506905+02:00,84.91,71.0,0,0,1,0,-1,-71.0,1,1,2,XPAR
2019-10-01 09:19:45.388562+02:00,84.92,51.0,0,0,0,1,1,51.0,1,1,2,XPAR
2019-10-01 09:19:45.388562+02:00,84.92,150.0,0,0,0,1,1,150.0,1,1,2,XPAR
2019-10-01 09:19:45.388562+02:00,84.92,103.0,0,0,0,1,1,103.0,1,1,2,XPAR
2019-10-01 09:19:45.388663+02:00,84.92,71.0,0,0,0,1,1,71.0,1,1,2,XPAR
2019-10-01 09:19:45.388872+02:00,84.93,42.0,0,0,0,1,1,42.0,1,1,2,XPAR
2019-10-01 09:19:45.388872+02:00,84.93,78.0,0,0,0,1,1,78.0,1,1,2,XPAR
2019-10-01 09:19:45.390855+02:00,84.92,150.0,0,0,1,0,-1,-150.0,1,1,2,XPAR
2019-10-01 09:19:45.390855+02:00,84.92,150.0,0,0,1,0,-1,-150.0,1,1,2,XPAR
2019-10-01 09:19:45.525753+02:00,84.91,44.0,0,0,0,1,1,44.0,1,1,2,XPAR
2019-10-01 09:19:49.845849+02:00,84.91,100.0,0,0,0,1,1,100.0,1,1,2,XPAR
2019-10-01 09:19:52.304065+02:00,84.91,50.0,0,0,0,1,1,50.0,1,1,2,XPAR
2019-10-01 09:19:54.025128+02:00,84.91,8.0,0,0,0,1,1,8.0,20,1,2,XPAR
2019-10-01 09:19:55.452791+02:00,84.9,60.0,0,0,1,0,-1,-60.0,1,1,2,XPAR
2019-10-01 09:19:55.452791+02:00,84.9,179.0,0,0,1,0,-1,-179.0,1,1,2,XPAR
2019-10-01 09:19:55.452791+02:00,84.9,22.0,0,0,1,0,-1,-22.0,1,1,2,XPAR
2019-10-01 09:19:55.453707+02:00,84.89,150.0,0,0,1,0,-1,-150.0,1,1,2,XPAR
2019-10-01 09:19:55.747648+02:00,84.88,10.0,0,0,1,0,-1,-10.0,1,1,2,XPAR
2019-10-01 09:19:55.747648+02:00,84.88,50.0,0,0,1,0,-1,-50.0,1,1,2,XPAR
2019-10-01 09:19:55.748722+02:00,84.88,27.0,0,0,1,0,-1,-27.0,1,1,2,XPAR
2019-10-01 09:19:55.748722+02:00,84.88,201.0,0,0,1,0,-1,-201.0,1,1,2,XPAR
2019-10-01 09:20:04.815729+02:00,84.87,264.0,0,0,1,0,-1,-264.0,1,1,2,XPAR
2019-10-01 09:20:04.815770+02:00,84.87,259.0,0,0,1,0,-1,-259.0,1,1,2,XPAR
2019-10-01 09:20:04.815770+02:00,84.87,58.0,0,0,1,0,-1,-58.0,1,1,2,XPAR
2019-10-01 09:20:04.815770+02:00,84.87,83.0,0,0,1,0,-1,-83.0,1,1,2,XPAR
2019-10-01 09:20:04.815859+02:00,84.87,141.0,0,0,1,0,-1,-141.0,1,1,2,XPAR
2019-10-01 09:20:04.815892+02:00,84.87,206.0,0,0,1,0,-1,-206.0,1,1,2,XPAR
2019-10-01 09:20:04.815892+02:00,84.87,199.0,0,0,1,0,-1,-199.0,1,1,2,XPAR
2019-10-01 09:20:04.815944+02:00,84.87,141.0,0,0,1,0,-1,-141.0,1,1,2,XPAR
2019-10-01 09:20:04.816025+02:00,84.87,194.0,0,0,1,0,-1,-194.0,1,1,2,XPAR
2019-10-01 09:20:04.816074+02:00,84.87,12.0,0,0,1,0,-1,-12.0,1,1,2,XPAR
2019-10-01 09:20:04.816074+02:00,84.87,129.0,0,0,1,0,-1,-129.0,1,1,2,XPAR
2019-10-01 09:20:04.816127+02:00,84.87,1.0,0,0,1,0,-1,-1.0,1,1,2,XPAR
2019-10-01 09:20:04.816184+02:00,84.87,65.0,0,0,1,0,-1,-65.0,1,1,2,XPAR
2019-10-01 09:20:04.816213+02:00,84.87,65.0,0,0,1,0,-1,-65.0,1,1,2,XPAR
2019-10-01 09:20:04.816278+02:00,84.87,100.0,0,0,1,0,-1,-100.0,1,1,2,XPAR
2019-10-01 09:20:04.816308+02:00,84.87,116.0,0,0,1,0,-1,-116.0,1,1,2,XPAR
2019-10-01 09:20:04.816308+02:00,84.87,25.0,0,0,1,0,-1,-25.0,1,1,2,XPAR
2019-10-01 09:20:04.816396+02:00,84.87,141.0,0,0,1,0,-1,-141.0,1,1,2,XPAR
2019-10-01 09:20:08.133894+02:00,84.87,347.0,0,0,1,0,-1,-347.0,1,1,2,XPAR
2019-10-01 09:20:08.133894+02:00,84.87,53.0,0,0,1,0,-1,-53.0,1,1,2,XPAR
2019-10-01 09:20:08.133965+02:00,84.87,72.0,0,0,1,0,-1,-72.0,1,1,2,XPAR
2019-10-01 09:20:08.133998+02:00,84.87,195.0,0,0,1,0,-1,-195.0,1,1,2,XPAR
2019-10-01 09:20:08.134028+02:00,84.87,72.0,0,0,1,0,-1,-72.0,1,1,2,XPAR
2019-10-01 09:20:08.134061+02:00,84.87,339.0,0,0,1,0,-1,-339.0,1,1,2,XPAR
2019-10-01 09:20:08.134061+02:00,84.87,80.0,0,0,1,0,-1,-80.0,1,1,2,XPAR
2019-10-01 09:20:08.134114+02:00,84.87,261.0,0,0,1,0,-1,-261.0,1,1,2,XPAR
2019-10-01 09:20:08.134143+02:00,84.87,86.0,0,0,1,0,-1,-86.0,1,1,2,XPAR
2019-10-01 09:20:08.134143+02:00,84.87,333.0,0,0,1,0,-1,-333.0,1,1,2,XPAR
2019-10-01 09:20:08.134160+02:00,84.87,80.0,0,0,1,0,-1,-80.0,1,1,2,XPAR
2019-10-01 09:20:08.134193+02:00,84.87,72.0,0,0,1,0,-1,-72.0,1,1,2,XPAR
2019-10-01 09:20:08.134334+02:00,84.87,80.0,0,0,1,0,-1,-80.0,1,1,2,XPAR
2019-10-01 09:20:08.134512+02:00,84.87,72.0,0,0,1,0,-1,-72.0,1,1,2,XPAR
2019-10-01 09:20:08.135186+02:00,84.87,235.0,0,0,1,0,-1,-235.0,1,1,2,XPAR
2019-10-01 09:20:08.135229+02:00,84.87,235.0,0,0,1,0,-1,-235.0,1,1,2,XPAR
2019-10-01 09:20:08.135229+02:00,84.87,112.0,0,0,1,0,-1,-112.0,1,1,2,XPAR
2019-10-01 09:20:08.135292+02:00,84.87,235.0,0,0,1,0,-1,-235.0,1,1,2,XPAR
2019-10-01 09:20:08.135322+02:00,84.87,112.0,0,0,1,0,-1,-112.0,1,1,2,XPAR
2019-10-01 09:20:08.135322+02:00,84.87,235.0,0,0,1,0,-1,-235.0,1,1,2,XPAR
2019-10-01 09:20:08.135370+02:00,84.87,112.0,0,0,1,0,-1,-112.0,1,1,2,XPAR
2019-10-01 09:20:08.135403+02:00,84.87,112.0,0,0,1,0,-1,-112.0,1,1,2,XPAR
2019-10-01 09:20:08.135433+02:00,84.87,80.0,0,0,1,0,-1,-80.0,1,1,2,XPAR
2019-10-01 09:20:08.135487+02:00,84.87,304.0,0,0,1,0,-1,-304.0,1,1,2,XPAR
2019-10-01 09:20:08.135487+02:00,84.87,43.0,0,0,1,0,-1,-43.0,1,1,2,XPAR
2019-10-01 09:20:08.135582+02:00,84.87,347.0,0,0,1,0,-1,-347.0,1,1,2,XPAR
2019-10-01 09:20:08.338748+02:00,84.87,129.0,0,0,1,0,-1,-129.0,1,1,2,XPAR
2019-10-01 09:20:08.338830+02:00,84.87,51.0,0,0,1,0,-1,-51.0,1,1,2,XPAR
2019-10-01 09:20:08.338871+02:00,84.87,167.0,0,0,1,0,-1,-167.0,1,1,2,XPAR
2019-10-01 09:20:08.338871+02:00,84.87,51.0,0,0,1,0,-1,-51.0,1,1,2,XPAR
2019-10-01 09:20:09.023971+02:00,84.88,100.0,0,0,0,1,1,100.0,1,1,2,XPAR
2019-10-01 09:20:09.024018+02:00,84.88,50.0,0,0,0,1,1,50.0,1,1,2,XPAR
2019-10-01 09:20:13.100193+02:00,84.87,267.0,0,0,1,0,-1,-267.0,1,1,2,XPAR
2019-10-01 09:20:13.100193+02:00,84.87,221.0,0,0,1,0,-1,-221.0,1,1,2,XPAR
2019-10-01 09:20:13.100407+02:00,84.87,172.0,0,0,1,0,-1,-172.0,1,1,2,XPAR
2019-10-01 09:20:13.100407+02:00,84.87,3.0,0,0,1,0,-1,-3.0,1,1,2,XPAR
2019-10-01 09:20:13.101434+02:00,84.86,12.0,0,0,1,0,-1,-12.0,1,1,2,XPAR
2019-10-01 09:20:13.101434+02:00,84.86,35.0,0,0,1,0,-1,-35.0,1,1,2,XPAR
2019-10-01 09:20:13.101434+02:00,84.86,50.0,0,0,1,0,-1,-50.0,1,1,2,XPAR
2019-10-01 09:20:13.101512+02:00,84.86,48.0,0,0,1,0,-1,-48.0,1,1,2,XPAR
2019-10-01 09:20:13.101542+02:00,84.86,100.0,0,0,1,0,-1,-100.0,1,1,2,XPAR
2019-10-01 09:20:13.101542+02:00,84.86,27.0,0,0,1,0,-1,-27.0,1,1,2,XPAR
2019-10-01 09:20:13.103219+02:00,84.87,311.0,0,0,1,0,-1,-311.0,1,1,2,XPAR
2019-10-01 09:20:15.566885+02:00,84.85,39.0,0,0,1,0,-1,-39.0,1,1,2,XPAR
2019-10-01 09:20:15.571861+02:00,84.85,4.0,0,0,1,0,-1,-4.0,1,1,2,XPAR
2019-10-01 09:20:15.575145+02:00,84.85,6.0,0,0,1,0,-1,-6.0,1,1,2,XPAR
2019-10-01 09:20:16.716198+02:00,84.84,13.0,0,0,1,0,-1,-13.0,1,1,2,XPAR
2019-10-01 09:20:16.716198+02:00,84.84,25.0,0,0,1,0,-1,-25.0,1,1,2,XPAR
2019-10-01 09:20:16.716198+02:00,84.84,62.0,0,0,1,0,-1,-62.0,1,1,2,XPAR
2019-10-01 09:20:16.716287+02:00,84.84,20.0,0,0,1,0,-1,-20.0,1,1,2,XPAR
2019-10-01 09:20:21.569108+02:00,84.84,65.0,0,0,0,1,1,65.0,1,1,2,XPAR
2019-10-01 09:20:21.569108+02:00,84.84,67.0,0,0,0,1,1,67.0,1,1,2,XPAR
2019-10-01 09:20:21.569108+02:00,84.84,150.0,0,0,0,1,1,150.0,1,1,2,XPAR
2019-10-01 09:20:21.569108+02:00,84.84,80.0,0,0,0,1,1,80.0,1,1,2,XPAR
2019-10-01 09:20:21.569516+02:00,84.85,13.0,0,0,0,1,1,13.0,1,1,2,XPAR
2019-10-01 09:20:21.569516+02:00,84.85,45.0,0,0,0,1,1,45.0,1,1,2,XPAR
2019-10-01 09:20:21.569581+02:00,84.85,14.0,0,0,0,1,1,14.0,1,1,2,XPAR
2019-10-01 09:20:21.569581+02:00,84.85,125.0,0,0,0,1,1,125.0,1,1,2,XPAR
2019-10-01 09:20:21.569663+02:00,84.85,78.0,0,0,0,1,1,78.0,1,1,2,XPAR
2019-10-01 09:20:23.411699+02:00,84.86,211.0,0,0,0,1,1,211.0,1,1,2,XPAR
2019-10-01 09:20:23.411699+02:00,84.86,39.0,0,0,0,1,1,39.0,1,1,2,XPAR
2019-10-01 09:20:23.411699+02:00,84.86,59.0,0,0,0,1,1,59.0,1,1,2,XPAR
2019-10-01 09:20:23.412031+02:00,84.87,28.0,0,0,0,1,1,28.0,1,1,2,XPAR
2019-10-01 09:20:25.476231+02:00,84.87,150.0,0,0,1,0,-1,-150.0,1,1,2,XPAR
2019-10-01 09:20:25.476231+02:00,84.87,104.0,0,0,1,0,-1,-104.0,1,1,2,XPAR
2019-10-01 09:20:25.476231+02:00,84.87,4.0,0,0,1,0,-1,-4.0,1,1,2,XPAR
2019-10-01 09:20:36.935866+02:00,84.87,33.0,0,0,1,0,-1,-33.0,1,1,2,XPAR
2019-10-01 09:20:36.935957+02:00,84.87,150.0,0,0,1,0,-1,-150.0,1,1,2,XPAR
2019-10-01 09:20:48.730229+02:00,84.89,59.0,0,0,0,1,1,59.0,1,1,2,XPAR
2019-10-01 09:20:48.730229+02:00,84.89,49.0,0,0,0,1,1,49.0,1,1,2,XPAR
2019-10-01 09:20:48.730229+02:00,84.89,167.0,0,0,0,1,1,167.0,1,1,2,XPAR
2019-10-01 09:20:48.730229+02:00,84.89,21.0,0,0,0,1,1,21.0,1,1,2,XPAR
2019-10-01 09:20:48.730229+02:00,84.89,64.0,0,0,0,1,1,64.0,1,1,2,XPAR
2019-10-01 09:20:48.730229+02:00,84.89,23.0,0,0,0,1,1,23.0,1,1,2,XPAR
2019-10-01 09:20:48.730411+02:00,84.89,169.0,0,0,0,1,1,169.0,1,1,2,XPAR
2019-10-01 09:20:48.730411+02:00,84.89,167.0,0,0,0,1,1,167.0,1,1,2,XPAR
2019-10-01 09:20:48.730411+02:00,84.89,127.0,0,0,0,1,1,127.0,1,1,2,XPAR
2019-10-01 09:20:48.730931+02:00,84.89,43.0,0,0,1,0,-1,-43.0,1,1,2,XPAR
2019-10-01 09:20:48.746624+02:00,84.89,58.0,0,0,0,1,1,58.0,1,1,2,XPAR
2019-10-01 09:20:48.749361+02:00,84.89,19.0,0,0,1,0,-1,-19.0,1,1,2,XPAR
2019-10-01 09:20:48.749447+02:00,84.89,40.0,0,0,1,0,-1,-40.0,1,1,2,XPAR
2019-10-01 09:20:48.749447+02:00,84.89,53.0,0,0,1,0,-1,-53.0,1,1,2,XPAR
2019-10-01 09:20:48.757839+02:00,84.89,4.0,0,0,0,1,1,4.0,1,1,2,XPAR
2019-10-01 09:20:48.757839+02:00,84.89,150.0,0,0,0,1,1,150.0,1,1,2,XPAR
2019-10-01 09:20:49.582886+02:00,84.91,21.0,0,0,0,1,1,21.0,1,1,2,XPAR
2019-10-01 09:20:49.582886+02:00,84.91,65.0,0,0,0,1,1,65.0,1,1,2,XPAR
2019-10-01 09:20:51.135136+02:00,84.91,150.0,0,0,0,1,1,150.0,1,1,2,XPAR
2019-10-01 09:20:51.135136+02:00,84.91,88.0,0,0,0,1,1,88.0,1,1,2,XPAR
2019-10-01 09:20:51.135831+02:00,84.91,41.0,0,0,1,0,-1,-41.0,1,1,2,XPAR
2019-10-01 09:20:51.374099+02:00,84.91,78.0,0,0,0,1,1,78.0,1,1,2,XPAR
2019-10-01 09:20:53.280215+02:00,84.91,66.0,0,0,0,1,1,66.0,1,1,2,XPAR
2019-10-01 09:20:53.280215+02:00,84.91,63.0,0,0,0,1,1,63.0,1,1,2,XPAR
2019-10-01 09:20:53.280290+02:00,84.91,2.0,0,0,0,1,1,2.0,1,1,2,XPAR
2019-10-01 09:20:53.280290+02:00,84.91,36.0,0,0,0,1,1,36.0,1,1,2,XPAR
2019-10-01 09:21:39.215066+02:00,84.93,50.0,0,0,0,1,1,50.0,1,1,2,XPAR
2019-10-01 09:21:39.215066+02:00,84.93,100.0,0,0,0,1,1,100.0,1,1,2,XPAR
2019-10-01 09:21:39.215208+02:00,84.93,29.0,0,0,0,1,1,29.0,1,1,2,XPAR
2019-10-01 09:21:39.215208+02:00,84.93,22.0,0,0,0,1,1,22.0,1,1,2,XPAR
2019-10-01 09:21:39.215915+02:00,84.93,100.0,0,0,1,0,-1,-100.0,1,1,2,XPAR
2019-10-01 09:21:39.216489+02:00,84.91,99.0,0,0,1,0,-1,-99.0,1,1,2,XPAR
2019-10-01 09:21:39.216489+02:00,84.92,51.0,0,0,1,0,-1,-51.0,1,1,2,XPAR
2019-10-01 09:21:39.227209+02:00,84.92,12.0,0,0,1,0,-1,-12.0,1,1,2,XPAR
2019-10-01 09:21:39.227209+02:00,84.91,138.0,0,0,1,0,-1,-138.0,1,1,2,XPAR
2019-10-01 09:21:39.238324+02:00,84.92,150.0,0,0,0,1,1,150.0,1,1,2,XPAR
2019-10-01 09:21:39.238448+02:00,84.92,29.0,0,0,1,0,-1,-29.0,1,1,2,XPAR
2019-10-01 09:21:39.238868+02:00,84.91,113.0,0,0,1,0,-1,-113.0,1,1,2,XPAR
2019-10-01 09:21:39.238868+02:00,84.91,130.0,0,0,1,0,-1,-130.0,1,1,2,XPAR
2019-10-01 09:21:39.239285+02:00,84.91,150.0,0,0,0,1,1,150.0,1,1,2,XPAR
2019-10-01 09:21:39.388838+02:00,84.93,129.0,0,0,0,1,1,129.0,1,1,2,XPAR
2019-10-01 09:21:39.392301+02:00,84.93,7.0,0,0,1,0,-1,-7.0,1,1,2,XPAR
2019-10-01 09:21:39.392301+02:00,84.93,6.0,0,0,1,0,-1,-6.0,1,1,2,XPAR
2019-10-01 09:21:39.392558+02:00,84.93,141.0,0,0,1,0,-1,-141.0,1,1,2,XPAR
2019-10-01 09:21:40.196190+02:00,84.93,137.0,0,0,0,1,1,137.0,1,1,2,XPAR
2019-10-01 09:21:40.196190+02:00,84.93,150.0,0,0,0,1,1,150.0,1,1,2,XPAR
2019-10-01 09:21:40.198743+02:00,84.93,4.0,0,0,1,0,-1,-4.0,1,1,2,XPAR
2019-10-01 09:21:40.199177+02:00,84.93,14.0,0,0,1,0,-1,-14.0,1,1,2,XPAR
2019-10-01 09:21:41.197850+02:00,84.93,108.0,0,0,0,1,1,108.0,1,1,2,XPAR
2019-10-01 09:21:43.067804+02:00,84.92,100.0,0,0,1,0,-1,-100.0,1,1,2,XPAR
2019-10-01 09:21:43.067804+02:00,84.92,51.0,0,0,1,0,-1,-51.0,1,1,2,XPAR
2019-10-01 09:21:43.067804+02:00,84.92,72.0,0,0,1,0,-1,-72.0,1,1,2,XPAR
2019-10-01 09:21:43.071783+02:00,84.92,12.0,0,0,0,1,1,12.0,1,1,2,XPAR
2019-10-01 09:21:43.074055+02:00,84.92,4.0,0,0,0,1,1,4.0,1,1,2,XPAR
2019-10-01 09:21:43.111411+02:00,84.92,97.0,0,0,0,1,1,97.0,1,1,2,XPAR
2019-10-01 09:21:45.108084+02:00,84.93,16.0,0,0,0,1,1,16.0,1,1,2,XPAR
2019-10-01 09:21:45.113788+02:00,84.93,121.0,0,0,1,0,-1,-121.0,1,1,2,XPAR
2019-10-01 09:21:45.173006+02:00,84.92,100.0,0,0,0,1,1,100.0,1,1,2,XPAR
2019-10-01 09:21:45.466986+02:00,84.92,38.0,0,0,1,0,-1,-38.0,1,1,2,XPAR
2019-10-01 09:21:45.467456+02:00,84.92,100.0,0,0,0,1,1,100.0,1,1,2,XPAR
2019-10-01 09:21:50.211993+02:00,84.89,40.0,0,0,1,0,-1,-40.0,1,1,2,XPAR
2019-10-01 09:22:06.441326+02:00,84.9,51.0,0,0,0,1,1,51.0,1,1,2,XPAR
2019-10-01 09:22:06.441463+02:00,84.91,150.0,0,0,0,1,1,150.0,1,1,2,XPAR
2019-10-01 09:22:06.441463+02:00,84.91,51.0,0,0,0,1,1,51.0,1,1,2,XPAR
2019-10-01 09:22:06.444697+02:00,84.92,25.0,0,0,0,1,1,25.0,1,1,2,XPAR
2019-10-01 09:22:06.445374+02:00,84.93,85.0,0,0,0,1,1,85.0,1,1,2,XPAR
2019-10-01 09:22:06.445374+02:00,84.93,150.0,0,0,0,1,1,150.0,1,1,2,XPAR
2019-10-01 09:22:06.445441+02:00,84.93,91.0,0,0,0,1,1,91.0,1,1,2,XPAR
2019-10-01 09:22:06.496996+02:00,84.94,38.0,0,0,0,1,1,38.0,1,1,2,XPAR
2019-10-01 09:22:16.475067+02:00,84.91,150.0,0,0,1,0,-1,-150.0,1,1,2,XPAR
2019-10-01 09:22:16.475067+02:00,84.91,367.0,0,0,1,0,-1,-367.0,1,1,2,XPAR
2019-10-01 09:22:16.483940+02:00,84.9,90.0,0,0,1,0,-1,-90.0,1,1,2,XPAR
2019-10-01 09:22:16.517484+02:00,84.9,150.0,0,0,0,1,1,150.0,1,1,2,XPAR
2019-10-01 09:22:16.816209+02:00,84.91,87.0,0,0,0,1,1,87.0,1,1,2,XPAR
2019-10-01 09:22:40.271294+02:00,84.88,40.0,0,0,1,0,-1,-40.0,1,1,2,XPAR
2019-10-01 09:22:40.271960+02:00,84.87,76.0,0,0,1,0,-1,-76.0,1,1,2,XPAR
2019-10-01 09:22:40.272333+02:00,84.86,66.0,0,0,1,0,-1,-66.0,1,1,2,XPAR
2019-10-01 09:22:40.907698+02:00,84.85,1.0,0,0,1,0,-1,-1.0,1,1,2,XPAR
2019-10-01 09:22:40.908854+02:00,84.85,17.0,0,0,1,0,-1,-17.0,1,1,2,XPAR
2019-10-01 09:22:41.049549+02:00,84.85,109.0,0,0,0,1,1,109.0,1,1,2,XPAR
2019-10-01 09:22:41.156309+02:00,84.85,65.0,0,0,1,0,-1,-65.0,1,1,2,XPAR
2019-10-01 09:22:41.156374+02:00,84.85,85.0,0,0,1,0,-1,-85.0,1,1,2,XPAR
2019-10-01 09:22:47.912994+02:00,84.85,6.0,0,0,0,1,1,6.0,1,1,2,XPAR
2019-10-01 09:22:53.808390+02:00,84.87,181.0,0,0,0,1,1,181.0,1,1,2,XPAR
2019-10-01 09:23:01.327833+02:00,84.89,150.0,0,0,0,1,1,150.0,1,1,2,XPAR
2019-10-01 09:23:01.328911+02:00,84.9,55.0,0,0,0,1,1,55.0,1,1,2,XPAR
2019-10-01 09:23:07.438067+02:00,84.91,56.0,0,0,0,1,1,56.0,1,1,2,XPAR
2019-10-01 09:23:07.438067+02:00,84.91,51.0,0,0,0,1,1,51.0,1,1,2,XPAR
2019-10-01 09:23:07.438225+02:00,84.91,80.0,0,0,0,1,1,80.0,1,1,2,XPAR
2019-10-01 09:23:07.438277+02:00,84.92,150.0,0,0,0,1,1,150.0,1,1,2,XPAR
2019-10-01 09:23:07.438277+02:00,84.92,42.0,0,0,0,1,1,42.0,1,1,2,XPAR
2019-10-01 09:23:07.451044+02:00,84.93,62.0,0,0,0,1,1,62.0,1,1,2,XPAR
2019-10-01 09:23:07.567706+02:00,84.92,126.0,0,0,1,0,-1,-126.0,1,1,2,XPAR
2019-10-01 09:23:07.988446+02:00,84.92,90.0,0,0,0,1,1,90.0,1,1,2,XPAR
2019-10-01 09:23:08.261742+02:00,84.9,208.0,0,0,1,0,-1,-208.0,1,1,2,XPAR
2019-10-01 09:23:08.261742+02:00,84.9,150.0,0,0,1,0,-1,-150.0,1,1,2,XPAR
2019-10-01 09:23:08.264426+02:00,84.89,72.0,0,0,1,0,-1,-72.0,1,1,2,XPAR
2019-10-01 09:23:08.264426+02:00,84.89,125.0,0,0,1,0,-1,-125.0,1,1,2,XPAR
2019-10-01 09:23:08.264426+02:00,84.89,100.0,0,0,1,0,-1,-100.0,1,1,2,XPAR
2019-10-01 09:23:13.374617+02:00,84.87,24.0,0,0,1,0,-1,-24.0,1,1,2,XPAR
2019-10-01 09:23:13.375497+02:00,84.86,79.0,0,0,1,0,-1,-79.0,1,1,2,XPAR
2019-10-01 09:23:13.375773+02:00,84.86,100.0,0,0,0,1,1,100.0,1,1,2,XPAR
2019-10-01 09:23:29.179603+02:00,84.86,11.0,0,0,0,1,1,11.0,1,1,2,XPAR
2019-10-01 09:23:30.211189+02:00,84.86,100.0,0,0,0,1,1,100.0,1,1,2,XPAR
2019-10-01 09:23:35.951610+02:00,84.85,26.0,0,0,1,0,-1,-26.0,1,1,2,XPAR
2019-10-01 09:23:35.951610+02:00,84.85,13.0,0,0,1,0,-1,-13.0,1,1,2,XPAR
2019-10-01 09:23:47.238212+02:00,84.83,134.0,0,0,1,0,-1,-134.0,1,1,2,XPAR
2019-10-01 09:23:47.699853+02:00,84.82,26.0,0,0,1,0,-1,-26.0,1,1,2,XPAR
2019-10-01 09:23:50.355630+02:00,84.82,100.0,0,0,0,1,1,100.0,1,1,2,XPAR
2019-10-01 09:23:50.355737+02:00,84.82,80.0,0,0,0,1,1,80.0,1,1,2,XPAR
2019-10-01 09:23:56.448092+02:00,84.81,150.0,0,0,1,0,-1,-150.0,1,1,2,XPAR
2019-10-01 09:23:57.441409+02:00,84.79,17.0,0,0,1,0,-1,-17.0,1,1,2,XPAR
2019-10-01 09:23:57.441409+02:00,84.79,24.0,0,0,1,0,-1,-24.0,1,1,2,XPAR
2019-10-01 09:24:00.555902+02:00,84.79,150.0,0,0,0,1,1,150.0,1,1,2,XPAR
2019-10-01 09:24:14.075780+02:00,84.8,115.0,0,0,0,1,1,115.0,1,1,2,XPAR
2019-10-01 09:24:19.513091+02:00,84.8,62.0,0,0,0,1,1,62.0,1,1,2,XPAR
2019-10-01 09:24:19.513091+02:00,84.8,1.0,0,0,0,1,1,1.0,1,1,2,XPAR
2019-10-01 09:24:19.513164+02:00,84.8,93.0,0,0,0,1,1,93.0,1,1,2,XPAR
2019-10-01 09:24:19.513164+02:00,84.8,124.0,0,0,0,1,1,124.0,1,1,2,XPAR
2019-10-01 09:24:19.513164+02:00,84.8,28.0,0,0,0,1,1,28.0,1,1,2,XPAR
2019-10-01 09:24:19.513406+02:00,84.81,26.0,0,0,0,1,1,26.0,1,1,2,XPAR
2019-10-01 09:24:20.468104+02:00,84.81,150.0,0,0,0,1,1,150.0,1,1,2,XPAR
2019-10-01 09:24:22.532752+02:00,84.8,100.0,0,0,1,0,-1,-100.0,1,1,2,XPAR
2019-10-01 09:24:29.549969+02:00,84.78,72.0,0,0,1,0,-1,-72.0,1,1,2,XPAR
2019-10-01 09:25:06.278195+02:00,84.8,110.0,0,0,0,1,1,110.0,1,1,2,XPAR
2019-10-01 09:25:06.278255+02:00,84.81,49.0,0,0,0,1,1,49.0,1,1,2,XPAR
2019-10-01 09:25:06.278255+02:00,84.81,150.0,0,0,0,1,1,150.0,1,1,2,XPAR
2019-10-01 09:25:06.278255+02:00,84.81,75.0,0,0,0,1,1,75.0,1,1,2,XPAR
2019-10-01 09:25:06.279416+02:00,84.82,21.0,0,0,0,1,1,21.0,1,1,2,XPAR
2019-10-01 09:25:06.280728+02:00,84.83,70.0,0,0,0,1,1,70.0,1,1,2,XPAR
2019-10-01 09:25:33.822356+02:00,84.82,150.0,0,0,1,0,-1,-150.0,1,1,2,XPAR
2019-10-01 09:25:33.822356+02:00,84.82,71.0,0,0,1,0,-1,-71.0,1,1,2,XPAR
2019-10-01 09:25:33.822356+02:00,84.82,150.0,0,0,1,0,-1,-150.0,1,1,2,XPAR
2019-10-01 09:25:33.822927+02:00,84.82,150.0,0,0,0,1,1,150.0,1,1,2,XPAR
2019-10-01 09:25:33.823865+02:00,84.81,150.0,0,0,0,1,1,150.0,1,1,2,XPAR
2019-10-01 09:25:42.332878+02:00,84.81,27.0,0,0,0,1,1,27.0,1,1,2,XPAR
2019-10-01 09:25:42.332878+02:00,84.81,47.0,0,0,0,1,1,47.0,1,1,2,XPAR
2019-10-01 09:25:42.332959+02:00,84.81,36.0,0,0,0,1,1,36.0,1,1,2,XPAR
2019-10-01 09:26:20.250616+02:00,84.79,150.0,0,0,1,0,-1,-150.0,1,1,2,XPAR
2019-10-01 09:26:20.292098+02:00,84.8,25.0,0,0,0,1,1,25.0,1,1,2,XPAR
2019-10-01 09:26:20.292098+02:00,84.8,61.0,0,0,0,1,1,61.0,1,1,2,XPAR
2019-10-01 09:26:20.292849+02:00,84.81,11.0,0,0,0,1,1,11.0,1,1,2,XPAR
2019-10-01 09:26:20.292849+02:00,84.81,59.0,0,0,0,1,1,59.0,1,1,2,XPAR
2019-10-01 09:26:20.292973+02:00,84.81,43.0,0,0,0,1,1,43.0,1,1,2,XPAR
2019-10-01 09:26:20.293059+02:00,84.81,30.0,0,0,0,1,1,30.0,1,1,2,XPAR
2019-10-01 09:26:20.293059+02:00,84.81,40.0,0,0,0,1,1,40.0,1,1,2,XPAR
2019-10-01 09:26:21.155228+02:00,84.8,2.0,0,0,1,0,-1,-2.0,1,1,2,XPAR
2019-10-01 09:26:21.155499+02:00,84.8,148.0,0,0,1,0,-1,-148.0,1,1,2,XPAR
2019-10-01 09:26:21.155499+02:00,84.8,11.0,0,0,1,0,-1,-11.0,1,1,2,XPAR
2019-10-01 09:26:31.195796+02:00,84.78,150.0,0,0,1,0,-1,-150.0,1,1,2,XPAR
2019-10-01 09:26:31.195796+02:00,84.78,86.0,0,0,1,0,-1,-86.0,1,1,2,XPAR
2019-10-01 09:26:31.195796+02:00,84.78,74.0,0,0,1,0,-1,-74.0,1,1,2,XPAR
2019-10-01 09:26:31.196086+02:00,84.78,83.0,0,0,1,0,-1,-83.0,1,1,2,XPAR
2019-10-01 09:26:31.203442+02:00,84.78,3.0,0,0,0,1,1,3.0,1,1,2,XPAR
2019-10-01 09:26:31.206755+02:00,84.78,1.0,0,0,0,1,1,1.0,1,1,2,XPAR
2019-10-01 09:26:32.899322+02:00,84.79,150.0,0,0,0,1,1,150.0,1,1,2,XPAR
2019-10-01 09:26:39.561688+02:00,84.8,59.0,0,0,0,1,1,59.0,1,1,2,XPAR
2019-10-01 09:26:39.561688+02:00,84.8,41.0,0,0,0,1,1,41.0,1,1,2,XPAR
2019-10-01 09:26:50.156373+02:00,84.77,8.0,0,0,1,0,-1,-8.0,1,1,2,XPAR
2019-10-01 09:26:50.156373+02:00,84.77,12.0,0,0,1,0,-1,-12.0,1,1,2,XPAR
2019-10-01 09:26:50.156452+02:00,84.77,27.0,0,0,1,0,-1,-27.0,1,1,2,XPAR
2019-10-01 09:26:50.157465+02:00,84.76,17.0,0,0,1,0,-1,-17.0,1,1,2,XPAR
2019-10-01 09:26:50.157465+02:00,84.76,200.0,0,0,1,0,-1,-200.0,1,1,2,XPAR
2019-10-01 09:26:50.157465+02:00,84.76,150.0,0,0,1,0,-1,-150.0,1,1,2,XPAR
2019-10-01 09:26:50.159873+02:00,84.76,150.0,0,0,0,1,1,150.0,1,1,2,XPAR
2019-10-01 09:26:50.162791+02:00,84.76,150.0,0,0,0,1,1,150.0,1,1,2,XPAR
2019-10-01 09:26:58.855093+02:00,84.75,45.0,0,0,1,0,-1,-45.0,20,1,2,XPAR
2019-10-01 09:26:58.856709+02:00,84.78,98.0,0,0,0,1,1,98.0,1,1,2,XPAR
2019-10-01 09:26:58.856709+02:00,84.78,59.0,0,0,0,1,1,59.0,1,1,2,XPAR
2019-10-01 09:27:14.528320+02:00,84.78,16.0,0,0,0,1,1,16.0,20,1,2,XPAR
2019-10-01 09:27:15.143894+02:00,84.78,59.0,0,0,0,1,1,59.0,1,1,2,XPAR
2019-10-01 09:27:15.143894+02:00,84.78,46.0,0,0,0,1,1,46.0,1,1,2,XPAR
2019-10-01 09:27:15.144584+02:00,84.79,97.0,0,0,0,1,1,97.0,1,1,2,XPAR
2019-10-01 09:27:15.144584+02:00,84.79,59.0,0,0,0,1,1,59.0,1,1,2,XPAR
2019-10-01 09:27:15.200632+02:00,84.8,150.0,0,0,0,1,1,150.0,1,1,2,XPAR
2019-10-01 09:27:15.644045+02:00,84.8,65.0,0,0,0,1,1,65.0,1,1,2,XPAR
2019-10-01 09:27:20.186159+02:00,84.82,20.0,0,0,0,1,1,20.0,1,1,2,XPAR
2019-10-01 09:27:20.186159+02:00,84.82,59.0,0,0,0,1,1,59.0,1,1,2,XPAR
2019-10-01 09:27:20.234593+02:00,84.82,7.0,0,0,1,0,-1,-7.0,1,1,2,XPAR
2019-10-01 09:27:20.234593+02:00,84.78,174.0,0,0,1,0,-1,-174.0,1,1,2,XPAR
2019-10-01 09:27:20.234593+02:00,84.78,150.0,0,0,1,0,-1,-150.0,1,1,2,XPAR
2019-10-01 09:27:20.234593+02:00,84.79,77.0,0,0,1,0,-1,-77.0,1,1,2,XPAR
2019-10-01 09:27:20.234593+02:00,84.79,174.0,0,0,1,0,-1,-174.0,1,1,2,XPAR
2019-10-01 09:27:20.234593+02:00,84.79,110.0,0,0,1,0,-1,-110.0,1,1,2,XPAR
2019-10-01 09:27:20.234593+02:00,84.78,69.0,0,0,1,0,-1,-69.0,1,1,2,XPAR
2019-10-01 09:27:20.234593+02:00,84.79,150.0,0,0,1,0,-1,-150.0,1,1,2,XPAR
2019-10-01 09:27:20.234593+02:00,84.8,174.0,0,0,1,0,-1,-174.0,1,1,2,XPAR
2019-10-01 09:27:20.234593+02:00,84.81,69.0,0,0,1,0,-1,-69.0,1,1,2,XPAR
2019-10-01 09:27:20.234593+02:00,84.81,150.0,0,0,1,0,-1,-150.0,1,1,2,XPAR
2019-10-01 09:27:20.234593+02:00,84.79,150.0,0,0,1,0,-1,-150.0,1,1,2,XPAR
2019-10-01 09:27:20.235801+02:00,84.78,100.0,0,0,1,0,-1,-100.0,1,1,2,XPAR
2019-10-01 09:27:20.236243+02:00,84.8,150.0,0,0,0,1,1,150.0,1,1,2,XPAR
2019-10-01 09:27:20.236345+02:00,84.8,28.0,0,0,1,0,-1,-28.0,1,1,2,XPAR
2019-10-01 09:27:20.253234+02:00,84.78,150.0,0,0,1,0,-1,-150.0,1,1,2,XPAR
2019-10-01 09:27:20.255420+02:00,84.78,150.0,0,0,1,0,-1,-150.0,1,1,2,XPAR
2019-10-01 09:27:20.291538+02:00,84.8,44.0,0,0,0,1,1,44.0,1,1,2,XPAR
2019-10-01 09:27:20.291634+02:00,84.8,78.0,0,0,0,1,1,78.0,1,1,2,XPAR
2019-10-01 09:27:41.454702+02:00,84.81,253.0,0,0,0,1,1,253.0,1,1,2,XPAR
2019-10-01 09:27:42.025518+02:00,84.82,311.0,0,0,0,1,1,311.0,1,1,2,XPAR
2019-10-01 09:27:42.025518+02:00,84.82,48.0,0,0,0,1,1,48.0,1,1,2,XPAR
2019-10-01 09:27:42.026843+02:00,84.83,78.0,0,0,0,1,1,78.0,1,1,2,XPAR
2019-10-01 09:27:42.026843+02:00,84.83,125.0,0,0,0,1,1,125.0,1,1,2,XPAR
2019-10-01 09:27:42.026843+02:00,84.83,9.0,0,0,0,1,1,9.0,1,1,2,XPAR
2019-10-01 09:27:42.027261+02:00,84.82,40.0,0,0,1,0,-1,-40.0,1,1,2,XPAR
2019-10-01 09:27:42.039183+02:00,84.82,26.0,0,0,0,1,1,26.0,1,1,2,XPAR
2019-10-01 09:27:43.465229+02:00,84.84,99.0,0,0,0,1,1,99.0,1,1,2,XPAR
2019-10-01 09:27:43.465371+02:00,84.84,100.0,0,0,0,1,1,100.0,1,1,2,XPAR
2019-10-01 09:27:43.465371+02:00,84.84,59.0,0,0,0,1,1,59.0,1,1,2,XPAR
2019-10-01 09:27:43.466214+02:00,84.84,26.0,0,0,1,0,-1,-26.0,1,1,2,XPAR
2019-10-01 09:27:44.081685+02:00,84.82,26.0,0,0,1,0,-1,-26.0,1,1,2,XPAR
2019-10-01 09:27:44.083433+02:00,84.82,10.0,0,0,1,0,-1,-10.0,1,1,2,XPAR
2019-10-01 09:27:44.083433+02:00,84.82,124.0,0,0,1,0,-1,-124.0,1,1,2,XPAR
2019-10-01 09:27:45.686960+02:00,84.84,144.0,0,0,0,1,1,144.0,1,1,2,XPAR
2019-10-01 09:27:45.687850+02:00,84.82,150.0,0,0,1,0,-1,-150.0,1,1,2,XPAR
2019-10-01 09:27:45.688073+02:00,84.84,144.0,0,0,0,1,1,144.0,1,1,2,XPAR
2019-10-01 09:27:45.688662+02:00,84.83,25.0,0,0,1,0,-1,-25.0,1,1,2,XPAR
2019-10-01 09:27:46.003623+02:00,84.84,65.0,0,0,0,1,1,65.0,1,1,2,XPAR
2019-10-01 09:27:46.003623+02:00,84.84,8.0,0,0,0,1,1,8.0,1,1,2,XPAR
2019-10-01 09:27:54.576365+02:00,84.83,150.0,0,0,0,1,1,150.0,1,1,2,XPAR
2019-10-01 09:27:54.576365+02:00,84.83,65.0,0,0,0,1,1,65.0,1,1,2,XPAR
2019-10-01 09:27:54.576365+02:00,84.83,85.0,0,0,0,1,1,85.0,1,1,2,XPAR
2019-10-01 09:27:54.675362+02:00,84.83,41.0,0,0,0,1,1,41.0,1,1,2,XPAR
2019-10-01 09:27:54.675362+02:00,84.83,12.0,0,0,0,1,1,12.0,1,1,2,XPAR
2019-10-01 09:27:56.108145+02:00,84.83,35.0,0,0,0,1,1,35.0,1,1,2,XPAR
2019-10-01 09:27:57.201617+02:00,84.83,41.0,0,0,0,1,1,41.0,1,1,2,XPAR
2019-10-01 09:28:04.807616+02:00,84.83,71.0,0,0,0,1,1,71.0,1,1,2,XPAR
2019-10-01 09:28:12.240291+02:00,84.83,8.0,0,0,0,1,1,8.0,1,1,2,XPAR
2019-10-01 09:28:12.240291+02:00,84.83,98.0,0,0,0,1,1,98.0,1,1,2,XPAR
2019-10-01 09:28:12.240291+02:00,84.83,43.0,0,0,0,1,1,43.0,1,1,2,XPAR
2019-10-01 09:28:12.240291+02:00,84.83,1.0,0,0,0,1,1,1.0,1,1,2,XPAR
2019-10-01 09:28:12.240500+02:00,84.83,47.0,0,0,0,1,1,47.0,1,1,2,XPAR
2019-10-01 09:28:12.240549+02:00,84.83,46.0,0,0,0,1,1,46.0,1,1,2,XPAR
2019-10-01 09:28:12.269934+02:00,84.85,51.0,0,0,0,1,1,51.0,1,1,2,XPAR
2019-10-01 09:28:12.270091+02:00,84.85,8.0,0,0,0,1,1,8.0,1,1,2,XPAR
2019-10-01 09:28:12.307406+02:00,84.85,150.0,0,0,1,0,-1,-150.0,1,1,2,XPAR
2019-10-01 09:28:28.068044+02:00,84.85,44.0,0,0,0,1,1,44.0,1,1,2,XPAR
2019-10-01 09:28:28.073627+02:00,84.87,110.0,0,0,0,1,1,110.0,1,1,2,XPAR
2019-10-01 09:28:28.073627+02:00,84.87,31.0,0,0,0,1,1,31.0,1,1,2,XPAR
2019-10-01 09:28:28.073757+02:00,84.87,28.0,0,0,0,1,1,28.0,1,1,2,XPAR
2019-10-01 09:28:30.105695+02:00,84.86,25.0,0,0,1,0,-1,-25.0,1,1,2,XPAR
2019-10-01 09:28:38.350294+02:00,84.83,218.0,0,0,1,0,-1,-218.0,1,1,2,XPAR
2019-10-01 09:28:38.355035+02:00,84.81,25.0,0,0,0,1,1,25.0,1,1,2,XPAR
2019-10-01 09:28:40.498783+02:00,84.81,11.0,0,0,0,1,1,11.0,1,1,2,XPAR
2019-10-01 09:28:40.498783+02:00,84.81,65.0,0,0,0,1,1,65.0,1,1,2,XPAR
2019-10-01 09:28:45.409662+02:00,84.82,39.0,0,0,0,1,1,39.0,1,1,2,XPAR
2019-10-01 09:28:45.409662+02:00,84.82,150.0,0,0,0,1,1,150.0,1,1,2,XPAR
2019-10-01 09:28:46.467605+02:00,84.83,97.0,0,0,0,1,1,97.0,1,1,2,XPAR
2019-10-01 09:28:49.020357+02:00,84.81,5.0,0,0,1,0,-1,-5.0,1,1,2,XPAR
2019-10-01 09:28:49.020431+02:00,84.81,145.0,0,0,1,0,-1,-145.0,1,1,2,XPAR
2019-10-01 09:28:49.022938+02:00,84.8,23.0,0,0,1,0,-1,-23.0,1,1,2,XPAR
2019-10-01 09:29:02.129241+02:00,84.77,16.0,0,0,1,0,-1,-16.0,1,1,2,XPAR
2019-10-01 09:29:04.879434+02:00,84.78,100.0,0,0,0,1,1,100.0,1,1,2,XPAR
2019-10-01 09:29:07.914336+02:00,84.78,48.0,0,0,0,1,1,48.0,1,1,2,XPAR
2019-10-01 09:29:20.400186+02:00,84.77,12.0,0,0,1,0,-1,-12.0,1,1,2,XPAR
2019-10-01 09:29:52.377095+02:00,84.76,70.0,0,0,1,0,-1,-70.0,1,1,2,XPAR
2019-10-01 09:29:52.377095+02:00,84.76,10.0,0,0,1,0,-1,-10.0,1,1,2,XPAR
2019-10-01 09:29:52.377185+02:00,84.76,80.0,0,0,1,0,-1,-80.0,1,1,2,XPAR
2019-10-01 09:29:52.377185+02:00,84.76,84.0,0,0,1,0,-1,-84.0,1,1,2,XPAR
2019-10-01 09:30:09.780233+02:00,84.74,16.0,0,0,1,0,-1,-16.0,1,1,2,XPAR
2019-10-01 09:30:09.780233+02:00,84.74,79.0,0,0,1,0,-1,-79.0,1,1,2,XPAR
2019-10-01 09:30:09.780233+02:00,84.74,162.0,0,0,1,0,-1,-162.0,1,1,2,XPAR
2019-10-01 09:30:09.780316+02:00,84.73,150.0,0,0,1,0,-1,-150.0,1,1,2,XPAR
2019-10-01 09:30:09.780316+02:00,84.73,10.0,0,0,1,0,-1,-10.0,1,1,2,XPAR
2019-10-01 09:30:09.780484+02:00,84.73,70.0,0,0,1,0,-1,-70.0,1,1,2,XPAR
2019-10-01 09:30:09.780484+02:00,84.75,150.0,0,0,1,0,-1,-150.0,1,1,2,XPAR
2019-10-01 09:30:09.780484+02:00,84.73,152.0,0,0,1,0,-1,-152.0,1,1,2,XPAR
2019-10-01 09:30:09.780484+02:00,84.73,28.0,0,0,1,0,-1,-28.0,1,1,2,XPAR
2019-10-01 09:30:09.781067+02:00,84.75,150.0,0,0,0,1,1,150.0,1,1,2,XPAR
2019-10-01 09:30:09.781175+02:00,84.74,100.0,0,0,1,0,-1,-100.0,1,1,2,XPAR
2019-10-01 09:30:09.781313+02:00,84.74,50.0,0,0,1,0,-1,-50.0,1,1,2,XPAR
2019-10-01 09:30:09.781469+02:00,84.74,22.0,0,0,1,0,-1,-22.0,1,1,2,XPAR
2019-10-01 09:30:09.791205+02:00,84.73,150.0,0,0,0,1,1,150.0,1,1,2,XPAR
2019-10-01 09:30:09.997367+02:00,84.75,150.0,0,0,0,1,1,150.0,1,1,2,XPAR
2019-10-01 09:30:09.997367+02:00,84.75,13.0,0,0,0,1,1,13.0,1,1,2,XPAR
2019-10-01 09:30:09.997367+02:00,84.75,56.0,0,0,0,1,1,56.0,1,1,2,XPAR
2019-10-01 09:30:15.304168+02:00,84.75,143.0,0,0,0,1,1,143.0,1,1,2,XPAR
2019-10-01 09:30:15.304168+02:00,84.75,57.0,0,0,0,1,1,57.0,1,1,2,XPAR
2019-10-01 09:30:18.015637+02:00,84.75,49.0,0,0,0,1,1,49.0,1,1,2,XPAR
2019-10-01 09:30:18.015637+02:00,84.75,54.0,0,0,0,1,1,54.0,1,1,2,XPAR
2019-10-01 09:30:18.136677+02:00,84.75,57.0,0,0,1,0,-1,-57.0,1,1,2,XPAR
2019-10-01 09:30:20.806616+02:00,84.75,34.0,0,0,0,1,1,34.0,1,1,2,XPAR
2019-10-01 09:30:23.844590+02:00,84.74,70.0,0,0,1,0,-1,-70.0,20,1,2,XPAR
2019-10-01 09:30:27.243256+02:00,84.73,207.0,0,0,1,0,-1,-207.0,1,1,2,XPAR
2019-10-01 09:30:27.243993+02:00,84.72,23.0,0,0,1,0,-1,-23.0,1,1,2,XPAR
2019-10-01 09:30:27.274478+02:00,84.7,3.0,0,0,1,0,-1,-3.0,1,1,2,XPAR
2019-10-01 09:30:27.274571+02:00,84.7,10.0,0,0,1,0,-1,-10.0,1,1,2,XPAR
2019-10-01 09:30:27.324039+02:00,84.69,150.0,0,0,0,1,1,150.0,1,1,2,XPAR
2019-10-01 09:30:27.324394+02:00,84.7,94.0,0,0,0,1,1,94.0,1,1,2,XPAR
2019-10-01 09:30:27.324394+02:00,84.7,6.0,0,0,0,1,1,6.0,1,1,2,XPAR
2019-10-01 09:30:27.498060+02:00,84.71,29.0,0,0,0,1,1,29.0,1,1,2,XPAR
2019-10-01 09:30:27.498150+02:00,84.71,87.0,0,0,0,1,1,87.0,1,1,2,XPAR
2019-10-01 09:30:28.282041+02:00,84.72,25.0,0,0,0,1,1,25.0,1,1,2,XPAR
2019-10-01 09:30:28.282041+02:00,84.72,150.0,0,0,0,1,1,150.0,1,1,2,XPAR
